TIMESTAMP,PRICE,SIZE,BUY_SELL_FLAG,ORDER_TYPE,ORDER_ID,MARKET_ORDER_TYPE,CANCEL_TYPE
2019-01-02 09:30:00.000000,9.49,3000,2,2,133691,,2
2019-01-02 09:30:00.000000,9.69,3000,2,2,133844,,2
2019-01-02 09:30:00.010000,9.39,200,2,2,134496,,2
2019-01-02 09:30:00.010000,9.37,500,2,2,134584,,2
2019-01-02 09:30:00.010000,9.37,5200,2,2,134586,,2
2019-01-02 09:30:00.010000,9.37,900,2,2,134638,,2
2019-01-02 09:30:00.010000,9.37,600,2,2,134653,,2
2019-01-02 09:30:00.010000,9.37,3200,2,2,134661,,2
2019-01-02 09:30:00.010000,9.37,400,2,2,134663,,2
2019-01-02 09:30:00.010000,9.37,400,2,2,134665,,2
2019-01-02 09:30:00.010000,9.37,900,2,2,134669,,2
2019-01-02 09:30:00.010000,9.37,2400,2,2,134671,,2
2019-01-02 09:30:00.010000,9.37,2300,2,2,134673,,2
2019-01-02 09:30:00.010000,9.37,500,2,2,134677,,2
2019-01-02 09:30:00.010000,9.37,500,2,2,134679,,2
2019-01-02 09:30:00.010000,9.37,400,2,2,134681,,2
2019-01-02 09:30:00.010000,9.37,400,2,2,134689,,2
2019-01-02 09:30:00.010000,9.37,800,2,2,134691,,2
2019-01-02 09:30:00.020000,9.4,3100,1,2,134789,,2
2019-01-02 09:30:00.020000,9.37,400,2,2,134893,,2
2019-01-02 09:30:00.020000,9.37,500,2,2,134898,,2
2019-01-02 09:30:00.020000,9.37,900,2,2,134900,,2
2019-01-02 09:30:00.020000,9.37,700,2,2,134904,,2
2019-01-02 09:30:00.020000,9.37,500,2,2,134906,,2
2019-01-02 09:30:00.020000,9.37,7500,2,2,134912,,2
2019-01-02 09:30:00.020000,9.37,800,2,2,134918,,2
2019-01-02 09:30:00.020000,9.37,500,2,2,134920,,2
2019-01-02 09:30:00.020000,9.37,900,2,2,134922,,2
2019-01-02 09:30:00.020000,9.37,800,2,2,134924,,2
2019-01-02 09:30:00.020000,9.37,600,2,2,134926,,2
2019-01-02 09:30:00.020000,9.37,400,2,2,134928,,2
2019-01-02 09:30:00.020000,9.37,2100,2,2,134930,,2
2019-01-02 09:30:00.020000,9.39,1000,2,2,135119,,2
2019-01-02 09:30:00.020000,9.48,3000,2,2,135137,,2
2019-01-02 09:30:00.030000,9.21,2000,1,2,135533,,2
2019-01-02 09:30:00.030000,9.69,2000,2,2,135565,,2
2019-01-02 09:30:00.040000,9.47,8900,2,2,135916,,2
2019-01-02 09:30:00.050000,9.32,1100,1,2,136144,,2
2019-01-02 09:30:00.050000,9.41,100,1,2,136152,,2
2019-01-02 09:30:00.050000,9.41,100,1,2,136168,,2
2019-01-02 09:30:00.060000,9.69,4400,2,2,136803,,2
2019-01-02 09:30:00.060000,8.85,100,1,2,137164,,2
2019-01-02 09:30:00.060000,9.75,4400,2,2,137384,,2
2019-01-02 09:30:00.070000,9.78,1100,2,2,137605,,2
2019-01-02 09:30:00.070000,9.4,1900,1,2,137615,,2
2019-01-02 09:30:00.070000,10.0,1400,2,2,137655,,2
2019-01-02 09:30:00.070000,9.39,600,1,2,138052,,2
2019-01-02 09:30:00.080000,9.25,100,1,2,138679,,2
2019-01-02 09:30:00.080000,9.32,500,1,2,138777,,2
2019-01-02 09:30:00.080000,9.45,400,2,2,139063,,2
2019-01-02 09:30:00.090000,9.39,1000,1,2,139307,,2
2019-01-02 09:30:00.090000,9.5,500,2,2,139337,,2
2019-01-02 09:30:00.090000,9.45,300,2,2,139748,,2
2019-01-02 09:30:00.090000,9.02,600,1,2,140057,,2
2019-01-02 09:30:00.100000,8.52,1000,1,2,140147,,2
2019-01-02 09:30:00.100000,9.4,6000,1,2,140200,,2
2019-01-02 09:30:00.100000,9.39,1300,1,2,140253,,2
2019-01-02 09:30:00.100000,9.55,500,2,2,140292,,2
2019-01-02 09:30:00.100000,9.4,2000,2,2,140444,,2
2019-01-02 09:30:00.100000,9.39,100,1,2,140558,,2
2019-01-02 09:30:00.100000,9.43,700,2,2,140644,,2
2019-01-02 09:30:00.100000,9.6,500,2,2,140681,,2
2019-01-02 09:30:00.100000,9.38,3000,1,2,140739,,2
2019-01-02 09:30:00.100000,9.4,1600,1,2,140892,,2
2019-01-02 09:30:00.100000,9.4,3000,2,2,141152,,2
2019-01-02 09:30:00.100000,9.28,300,1,2,141238,,2
2019-01-02 09:30:00.100000,9.39,3100,1,2,141245,,2
2019-01-02 09:30:00.100000,9.34,1000,1,2,141286,,2
2019-01-02 09:30:00.110000,,100,2,1,141610,1,2
2019-01-02 09:30:00.130000,9.43,2500,2,2,143425,,2
2019-01-02 09:30:00.130000,9.5,2000,2,2,143543,,2
2019-01-02 09:30:00.140000,9.4,2100,1,2,143674,,2
2019-01-02 09:30:00.140000,9.38,2000,1,2,144010,,2
2019-01-02 09:30:00.140000,9.45,3000,2,2,144058,,2
2019-01-02 09:30:00.140000,9.46,2000,2,2,144107,,2
2019-01-02 09:30:00.140000,9.29,1300,1,2,144366,,2
2019-01-02 09:30:00.140000,9.49,1000,2,2,144626,,2
2019-01-02 09:30:00.140000,9.4,800,2,2,144642,,2
2019-01-02 09:30:00.140000,9.39,100,1,2,144655,,2
2019-01-02 09:30:00.150000,9.4,2300,1,2,144883,,2
2019-01-02 09:30:00.150000,9.85,100,2,2,144899,,2
2019-01-02 09:30:00.160000,9.8,5600,2,2,145701,,2
2019-01-02 09:30:00.160000,9.39,3500,2,2,145718,,2
2019-01-02 09:30:00.160000,9.99,14200,2,2,145779,,2
2019-01-02 09:30:00.160000,9.36,1000,1,2,145834,,2
2019-01-02 09:30:00.160000,10.01,2000,2,2,145994,,2
2019-01-02 09:30:00.160000,9.4,300,1,2,146028,,2
2019-01-02 09:30:00.170000,9.4,2500,1,2,146440,,2
2019-01-02 09:30:00.180000,9.46,8700,2,2,147452,,2
2019-01-02 09:30:00.180000,10.0,500,2,2,147902,,2
2019-01-02 09:30:00.180000,9.48,2000,2,2,147933,,2
2019-01-02 09:30:00.180000,9.57,1000,2,2,148075,,2
2019-01-02 09:30:00.190000,9.39,5000,1,2,148398,,2
2019-01-02 09:30:00.190000,9.4,100,1,2,148650,,2
2019-01-02 09:30:00.210000,8.9,1000,1,2,149749,,2
2019-01-02 09:30:00.210000,10.0,1000,2,2,149803,,2
2019-01-02 09:30:00.210000,9.39,1400,2,2,149990,,2
2019-01-02 09:30:00.220000,,2000,2,2,144107,,1
2019-01-02 09:30:00.220000,9.38,500,1,2,150025,,2
2019-01-02 09:30:00.220000,9.39,200,1,2,150114,,2
2019-01-02 09:30:00.220000,9.41,46800,1,2,150118,,2
2019-01-02 09:30:00.220000,10.3,2000,2,2,150315,,2
2019-01-02 09:30:00.220000,9.47,2000,2,2,150518,,2
2019-01-02 09:30:00.230000,,20000,1,0,73308,,1
2019-01-02 09:30:00.230000,9.41,2700,2,2,150704,,2
2019-01-02 09:30:00.230000,9.38,200,1,2,150706,,2
2019-01-02 09:30:00.230000,9.0,100,1,2,150869,,2
2019-01-02 09:30:00.230000,9.31,20000,1,2,151007,,2
2019-01-02 09:30:00.240000,,1000,2,0,19435,,1
2019-01-02 09:30:00.240000,,1000,2,0,19444,,1
2019-01-02 09:30:00.240000,9.26,400,1,2,151417,,2
2019-01-02 09:30:00.240000,8.5,200,1,2,151610,,2
2019-01-02 09:30:00.240000,9.34,1000,1,2,151665,,2
2019-01-02 09:30:00.250000,8.7,1000,1,2,151776,,2
2019-01-02 09:30:00.250000,9.4,10000,1,2,151814,,2
2019-01-02 09:30:00.250000,9.35,500,1,2,151883,,2
2019-01-02 09:30:00.250000,9.3,100,1,2,152118,,2
2019-01-02 09:30:00.260000,9.31,10000,1,2,152703,,2
2019-01-02 09:30:00.260000,9.49,100,2,2,152705,,2
2019-01-02 09:30:00.260000,9.4,3000,1,2,152725,,2
2019-01-02 09:30:00.280000,9.39,4000,1,2,153388,,2
2019-01-02 09:30:00.280000,9.4,4200,1,2,153396,,2
2019-01-02 09:30:00.280000,9.35,10000,1,2,153579,,2
2019-01-02 09:30:00.290000,9.62,3000,2,2,153687,,2
2019-01-02 09:30:00.310000,9.5,2000,2,2,154615,,2
2019-01-02 09:30:00.310000,9.01,1000,1,2,154682,,2
2019-01-02 09:30:00.310000,9.43,1000,2,2,154725,,2
2019-01-02 09:30:00.320000,9.0,500,1,2,154985,,2
2019-01-02 09:30:00.330000,9.4,3000,1,2,155425,,2
2019-01-02 09:30:00.330000,9.39,3200,1,2,155503,,2
2019-01-02 09:30:00.330000,9.4,400,1,2,155545,,2
2019-01-02 09:30:00.340000,9.49,1000,2,2,155741,,2
2019-01-02 09:30:00.340000,9.39,8000,2,2,155944,,2
2019-01-02 09:30:00.340000,9.1,200,1,2,155992,,2
2019-01-02 09:30:00.340000,9.0,100,1,2,156070,,2
2019-01-02 09:30:00.340000,9.4,500,1,2,156084,,2
2019-01-02 09:30:00.350000,9.4,600,1,2,156197,,2
2019-01-02 09:30:00.350000,9.39,3200,1,2,156265,,2
2019-01-02 09:30:00.350000,9.49,12500,2,2,156280,,2
2019-01-02 09:30:00.350000,9.52,3000,2,2,156586,,2
2019-01-02 09:30:00.360000,8.86,300,1,2,156855,,2
2019-01-02 09:30:00.360000,9.75,1000,2,2,157056,,2
2019-01-02 09:30:00.360000,9.22,2000,1,2,157129,,2
2019-01-02 09:30:00.370000,9.42,1000,2,2,157202,,2
2019-01-02 09:30:00.370000,9.4,800,2,2,157301,,2
2019-01-02 09:30:00.370000,9.43,10000,2,2,157322,,2
2019-01-02 09:30:00.370000,9.47,2000,2,2,157485,,2
2019-01-02 09:30:00.370000,10.0,500,2,2,157572,,2
2019-01-02 09:30:00.370000,10.0,300,2,2,157592,,2
2019-01-02 09:30:00.370000,10.32,500,2,2,157596,,2
2019-01-02 09:30:00.380000,9.4,1200,1,2,157750,,2
2019-01-02 09:30:00.380000,9.5,2000,2,2,157942,,2
2019-01-02 09:30:00.380000,9.23,3000,1,2,158033,,2
2019-01-02 09:30:00.400000,9.08,2000,1,2,158628,,2
2019-01-02 09:30:00.400000,9.08,2000,1,2,158699,,2
2019-01-02 09:30:00.400000,9.48,1500,2,2,158803,,2
2019-01-02 09:30:00.410000,9.31,2800,1,2,159001,,2
2019-01-02 09:30:00.410000,10.32,1000,2,2,159015,,2
2019-01-02 09:30:00.410000,9.0,1000,1,2,159134,,2
2019-01-02 09:30:00.420000,9.3,2000,1,2,159559,,2
2019-01-02 09:30:00.430000,9.6,3000,2,2,159810,,2
2019-01-02 09:30:00.440000,9.4,1000,1,2,160048,,2
2019-01-02 09:30:00.450000,9.41,1100,1,2,160497,,2
2019-01-02 09:30:00.450000,9.22,300,1,2,160676,,2
2019-01-02 09:30:00.450000,9.46,900,2,2,160709,,2
2019-01-02 09:30:00.450000,9.97,500,2,2,160736,,2
2019-01-02 09:30:00.460000,,17500,2,1,160987,2,2
2019-01-02 09:30:00.460000,10.32,500,2,2,161125,,2
2019-01-02 09:30:00.470000,,3000,1,0,81044,,1
2019-01-02 09:30:00.470000,9.35,500,1,2,161545,,2
2019-01-02 09:30:00.490000,9.32,1000,1,2,161890,,2
2019-01-02 09:30:00.490000,9.74,20000,2,2,162182,,2
2019-01-02 09:30:00.490000,9.43,5600,2,2,162245,,2
2019-01-02 09:30:00.500000,9.4,1000,1,2,162451,,2
2019-01-02 09:30:00.500000,9.32,2000,1,2,162693,,2
2019-01-02 09:30:00.510000,9.35,2000,1,2,163238,,2
2019-01-02 09:30:00.510000,10.32,500,2,2,163253,,2
2019-01-02 09:30:00.510000,9.38,1300,2,2,163275,,2
2019-01-02 09:30:00.510000,10.32,1800,2,2,163372,,2
2019-01-02 09:30:00.520000,9.53,1500,2,2,163690,,2
2019-01-02 09:30:00.530000,9.36,150000,1,2,164243,,2
2019-01-02 09:30:00.530000,8.63,100,1,2,164368,,2
2019-01-02 09:30:00.540000,10.23,1700,2,2,164903,,2
2019-01-02 09:30:00.540000,10.0,100,2,2,164931,,2
2019-01-02 09:30:00.540000,9.43,7800,2,2,165241,,2
2019-01-02 09:30:00.540000,8.63,100,1,2,165667,,2
2019-01-02 09:30:00.540000,9.35,800,1,2,165677,,2
2019-01-02 09:30:00.550000,,1000,1,0,47504,,1
2019-01-02 09:30:00.560000,9.3,100,1,2,166621,,2
2019-01-02 09:30:00.560000,9.3,400,1,2,166631,,2
2019-01-02 09:30:00.560000,9.3,3100,1,2,166699,,2
2019-01-02 09:30:00.570000,9.48,1000,2,2,166864,,2
2019-01-02 09:30:00.570000,9.4,400,2,2,166895,,2
2019-01-02 09:30:00.570000,10.31,2000,2,2,167043,,2
2019-01-02 09:30:00.580000,9.21,1000,1,2,167433,,2
2019-01-02 09:30:00.580000,9.0,1000,1,2,167453,,2
2019-01-02 09:30:00.580000,9.39,2000,1,2,167599,,2
2019-01-02 09:30:00.590000,9.49,1900,2,2,168213,,2
2019-01-02 09:30:00.600000,9.44,6000,2,2,168366,,2
2019-01-02 09:30:00.600000,9.98,300,2,2,168494,,2
2019-01-02 09:30:00.610000,10.28,10000,2,2,168687,,2
2019-01-02 09:30:00.610000,9.39,2000,1,2,168831,,2
2019-01-02 09:30:00.610000,9.8,1000,2,2,168902,,2
2019-01-02 09:30:00.620000,9.68,1000,2,2,169264,,2
2019-01-02 09:30:00.620000,9.45,3000,2,2,169271,,2
2019-01-02 09:30:00.630000,9.43,60000,2,2,169477,,2
2019-01-02 09:30:00.630000,9.25,100,1,2,169503,,2
2019-01-02 09:30:00.630000,9.2,100,1,2,169741,,2
2019-01-02 09:30:00.640000,9.0,20000,1,2,169837,,2
2019-01-02 09:30:00.640000,10.08,5500,2,2,169915,,2
2019-01-02 09:30:00.640000,9.37,4000,1,2,169932,,2
2019-01-02 09:30:00.640000,9.39,100,1,2,169937,,2
2019-01-02 09:30:00.640000,9.39,100,1,2,169941,,2
2019-01-02 09:30:00.650000,9.39,800,1,2,170265,,2
2019-01-02 09:30:00.650000,9.4,1500,1,2,170482,,2
2019-01-02 09:30:00.650000,9.01,600,1,2,170518,,2
2019-01-02 09:30:00.660000,8.95,440000,1,2,170752,,2
2019-01-02 09:30:00.670000,,5500,2,0,90844,,1
2019-01-02 09:30:00.690000,,12100,2,0,41027,,1
2019-01-02 09:30:00.690000,10.12,1600,2,2,171929,,2
2019-01-02 09:30:00.690000,9.39,2000,1,2,172054,,2
2019-01-02 09:30:00.690000,9.42,10000,1,2,172105,,2
2019-01-02 09:30:00.700000,9.4,500,1,2,172387,,2
2019-01-02 09:30:00.700000,9.41,500,1,2,172414,,2
2019-01-02 09:30:00.720000,9.5,1900,2,2,173179,,2
2019-01-02 09:30:00.730000,9.39,6400,1,2,173461,,2
2019-01-02 09:30:00.730000,9.32,1900,1,2,173653,,2
2019-01-02 09:30:00.730000,10.3,3000,2,2,173698,,2
2019-01-02 09:30:00.740000,9.4,1500,1,2,173905,,2
2019-01-02 09:30:00.740000,9.39,400,1,2,174107,,2
2019-01-02 09:30:00.750000,9.4,400,1,2,174238,,2
2019-01-02 09:30:00.750000,9.99,2000,2,2,174289,,2
2019-01-02 09:30:00.750000,9.37,1000,1,2,174307,,2
2019-01-02 09:30:00.750000,9.51,5800,2,2,174334,,2
2019-01-02 09:30:00.760000,9.89,4900,2,2,174821,,2
2019-01-02 09:30:00.770000,9.42,2000,2,2,175293,,2
2019-01-02 09:30:00.780000,9.39,100,1,2,175528,,2
2019-01-02 09:30:00.780000,9.43,2000,2,2,175792,,2
2019-01-02 09:30:00.790000,9.35,900,1,2,175879,,2
2019-01-02 09:30:00.800000,9.43,1000,2,2,176063,,2
2019-01-02 09:30:00.800000,9.73,2000,2,2,176132,,2
2019-01-02 09:30:00.800000,9.49,2700,2,2,176162,,2
2019-01-02 09:30:00.800000,9.39,100,1,2,176317,,2
2019-01-02 09:30:00.810000,9.49,3000,2,2,176348,,2
2019-01-02 09:30:00.810000,9.43,16300,2,2,176534,,2
2019-01-02 09:30:00.810000,9.44,2000,2,2,176594,,2
2019-01-02 09:30:00.810000,9.45,2000,2,2,176611,,2
2019-01-02 09:30:00.820000,9.68,2000,2,2,176793,,2
2019-01-02 09:30:00.830000,9.4,800,1,2,177139,,2
2019-01-02 09:30:00.830000,9.4,2800,1,2,177162,,2
2019-01-02 09:30:00.830000,9.46,100,2,2,177192,,2
2019-01-02 09:30:00.840000,9.4,2600,1,2,177521,,2
2019-01-02 09:30:00.840000,9.45,1700,2,2,177526,,2
2019-01-02 09:30:00.840000,9.21,5000,1,2,177571,,2
2019-01-02 09:30:00.850000,9.39,1100,1,2,177724,,2
2019-01-02 09:30:00.850000,9.98,500,2,2,177787,,2
2019-01-02 09:30:00.850000,9.35,1000,1,2,177917,,2
2019-01-02 09:30:00.860000,9.53,500,2,2,178037,,2
2019-01-02 09:30:00.860000,9.46,2000,2,2,178089,,2
2019-01-02 09:30:00.870000,9.43,5000,2,2,178159,,2
2019-01-02 09:30:00.870000,9.4,600,1,2,178224,,2
2019-01-02 09:30:00.870000,9.47,1000,2,2,178234,,2
2019-01-02 09:30:00.870000,9.7,2000,2,2,178258,,2
2019-01-02 09:30:00.870000,9.38,3000,1,2,178266,,2
2019-01-02 09:30:00.870000,9.47,2000,2,2,178320,,2
2019-01-02 09:30:00.880000,9.4,800,1,2,178572,,2
2019-01-02 09:30:00.890000,9.48,2000,2,2,178755,,2
2019-01-02 09:30:00.890000,9.39,500,1,2,178959,,2
2019-01-02 09:30:00.890000,9.39,1000,1,2,179024,,2
2019-01-02 09:30:00.890000,10.32,700,2,2,179053,,2
2019-01-02 09:30:00.900000,9.32,200,1,2,179375,,2
2019-01-02 09:30:00.900000,9.4,2200,1,2,179388,,2
2019-01-02 09:30:00.910000,9.44,600,2,2,179670,,2
2019-01-02 09:30:00.910000,9.39,2800,1,2,179705,,2
2019-01-02 09:30:00.910000,9.4,2000,1,2,179773,,2
2019-01-02 09:30:00.910000,9.48,300,2,2,179785,,2
2019-01-02 09:30:00.920000,9.6,2200,2,2,180365,,2
2019-01-02 09:30:00.920000,8.97,2000,1,2,180393,,2
2019-01-02 09:30:00.930000,9.59,500,2,2,180419,,2
2019-01-02 09:30:00.930000,9.74,11000,2,2,180421,,2
2019-01-02 09:30:00.930000,9.7,700,2,2,180422,,2
2019-01-02 09:30:00.940000,9.4,5000,1,2,181066,,2
2019-01-02 09:30:00.950000,9.4,1000,1,2,181262,,2
2019-01-02 09:30:00.960000,9.5,1200,1,2,181508,,2
2019-01-02 09:30:00.960000,9.68,500,2,2,181513,,2
2019-01-02 09:30:00.960000,9.4,200,1,2,181524,,2
2019-01-02 09:30:00.960000,9.3,2000,1,2,181548,,2
2019-01-02 09:30:00.960000,9.52,7000,2,2,181638,,2
2019-01-02 09:30:00.960000,9.39,200,1,2,181665,,2
2019-01-02 09:30:00.970000,9.43,5000,2,2,181858,,2
2019-01-02 09:30:00.980000,9.5,500,2,2,182324,,2
2019-01-02 09:30:00.990000,9.33,5000,1,2,182533,,2
2019-01-02 09:30:00.990000,10.32,400,2,2,182648,,2
2019-01-02 09:30:00.990000,9.4,3600,2,2,182711,,2
2019-01-02 09:30:00.990000,9.4,900,1,2,182732,,2
2019-01-02 09:30:01.010000,9.35,1000,1,2,183178,,2
2019-01-02 09:30:01.010000,9.43,248900,2,2,183251,,2
2019-01-02 09:30:01.020000,9.52,2500,2,2,183340,,2
2019-01-02 09:30:01.020000,10.32,1900,2,2,183365,,2
2019-01-02 09:30:01.040000,9.4,300,1,2,184035,,2
2019-01-02 09:30:01.040000,9.35,2000,1,2,184061,,2
2019-01-02 09:30:01.050000,,3000,1,0,76272,,1
2019-01-02 09:30:01.050000,9.31,1500,1,2,184227,,2
2019-01-02 09:30:01.060000,9.39,800,1,2,184441,,2
2019-01-02 09:30:01.070000,9.39,3400,1,2,184668,,2
2019-01-02 09:30:01.080000,9.4,1500,1,2,185136,,2
2019-01-02 09:30:01.090000,8.72,300,1,2,185489,,2
2019-01-02 09:30:01.100000,9.52,2000,2,2,185672,,2
2019-01-02 09:30:01.110000,8.6,500,1,2,185746,,2
2019-01-02 09:30:01.110000,9.45,5000,2,2,186103,,2
2019-01-02 09:30:01.120000,9.22,500,1,2,186345,,2
2019-01-02 09:30:01.140000,9.4,1000,1,2,186787,,2
2019-01-02 09:30:01.140000,9.43,5000,2,2,186876,,2
2019-01-02 09:30:01.150000,9.4,200,1,2,187353,,2
2019-01-02 09:30:01.160000,9.0,500,1,2,187461,,2
2019-01-02 09:30:01.190000,9.45,1000,2,2,188396,,2
2019-01-02 09:30:01.210000,9.37,5000,1,2,188732,,2
2019-01-02 09:30:01.210000,8.91,1000,1,2,189011,,2
2019-01-02 09:30:01.220000,9.4,2500,1,2,189138,,2
2019-01-02 09:30:01.230000,9.43,1000,1,2,189382,,2
2019-01-02 09:30:01.230000,10.21,1000,2,2,189601,,2
2019-01-02 09:30:01.230000,9.49,5000,2,2,189662,,2
2019-01-02 09:30:01.240000,9.35,4000,1,2,189796,,2
2019-01-02 09:30:01.240000,10.22,300,2,2,189889,,2
2019-01-02 09:30:01.240000,9.4,1000,1,2,189902,,2
2019-01-02 09:30:01.250000,9.39,2400,1,2,190326,,2
2019-01-02 09:30:01.250000,9.4,700,1,2,190507,,2
2019-01-02 09:30:01.250000,9.63,1000,2,2,190610,,2
2019-01-02 09:30:01.260000,10.32,10800,2,2,190904,,2
2019-01-02 09:30:01.270000,,8000,1,0,73781,,1
2019-01-02 09:30:01.270000,9.4,100,1,2,191090,,2
2019-01-02 09:30:01.270000,9.34,3000,1,2,191185,,2
2019-01-02 09:30:01.300000,9.6,700,2,2,191555,,2
2019-01-02 09:30:01.300000,9.44,1000,2,2,191577,,2
2019-01-02 09:30:01.300000,9.52,1000,2,2,191600,,2
2019-01-02 09:30:01.320000,10.32,200,2,2,191961,,2
2019-01-02 09:30:01.320000,9.1,800,1,2,192039,,2
2019-01-02 09:30:01.330000,10.0,6500,2,2,192257,,2
2019-01-02 09:30:01.330000,9.39,500,1,2,192334,,2
2019-01-02 09:30:01.340000,9.4,5300,1,2,192562,,2
2019-01-02 09:30:01.360000,9.4,2000,1,2,193105,,2
2019-01-02 09:30:01.360000,9.39,2500,1,2,193244,,2
2019-01-02 09:30:01.360000,9.31,1000,1,2,193252,,2
2019-01-02 09:30:01.370000,9.48,1100,2,2,193293,,2
2019-01-02 09:30:01.370000,8.44,100,1,2,193305,,2
2019-01-02 09:30:01.370000,9.5,1000,2,2,193457,,2
2019-01-02 09:30:01.370000,9.4,2700,1,2,193470,,2
2019-01-02 09:30:01.380000,9.4,1000,1,2,193544,,2
2019-01-02 09:30:01.380000,9.56,400,2,2,193581,,2
2019-01-02 09:30:01.380000,10.28,1100,2,2,193731,,2
2019-01-02 09:30:01.400000,9.4,2100,1,2,193974,,2
2019-01-02 09:30:01.410000,9.4,2900,1,2,194147,,2
2019-01-02 09:30:01.420000,9.38,200,1,2,194198,,2
2019-01-02 09:30:01.420000,9.39,2600,1,2,194205,,2
2019-01-02 09:30:01.420000,9.4,500,1,2,194233,,2
2019-01-02 09:30:01.430000,9.32,4000,1,2,194396,,2
2019-01-02 09:30:01.460000,9.39,3000,1,2,195184,,2
2019-01-02 09:30:01.470000,9.4,2800,1,2,195318,,2
2019-01-02 09:30:01.480000,9.4,5000,1,2,195391,,2
2019-01-02 09:30:01.480000,9.43,5900,2,2,195549,,2
2019-01-02 09:30:01.490000,9.4,500,1,2,195622,,2
2019-01-02 09:30:01.490000,9.4,100,1,2,195628,,2
2019-01-02 09:30:01.490000,9.35,3000,1,2,195841,,2
2019-01-02 09:30:01.520000,9.4,4800,1,2,196614,,2
2019-01-02 09:30:01.530000,9.4,1000,1,2,196831,,2
2019-01-02 09:30:01.540000,9.38,1000,1,2,197063,,2
2019-01-02 09:30:01.560000,9.8,3800,2,2,197400,,2
2019-01-02 09:30:01.560000,9.99,600,2,2,197431,,2
2019-01-02 09:30:01.570000,9.41,1100,2,2,197472,,2
2019-01-02 09:30:01.580000,9.39,200,1,2,197684,,2
2019-01-02 09:30:01.580000,9.37,1000,1,2,197697,,2
2019-01-02 09:30:01.580000,9.39,500,1,2,197847,,2
2019-01-02 09:30:01.580000,9.48,1000,2,2,197903,,2
2019-01-02 09:30:01.590000,9.4,4200,2,2,198144,,2
2019-01-02 09:30:01.600000,9.75,14700,2,2,198227,,2
2019-01-02 09:30:01.610000,9.27,200,1,2,198380,,2
2019-01-02 09:30:01.610000,10.32,10000,2,2,198479,,2
2019-01-02 09:30:01.610000,9.4,9000,1,2,198485,,2
2019-01-02 09:30:01.610000,9.47,1200,2,2,198561,,2
2019-01-02 09:30:01.610000,9.54,1500,2,2,198618,,2
2019-01-02 09:30:01.620000,9.25,100,1,2,198679,,2
2019-01-02 09:30:01.630000,9.46,500,2,2,198956,,2
2019-01-02 09:30:01.630000,9.49,2000,2,2,198960,,2
2019-01-02 09:30:01.640000,9.4,400,1,2,199178,,2
2019-01-02 09:30:01.650000,9.28,3000,1,2,199231,,2
2019-01-02 09:30:01.650000,9.46,1000,2,2,199439,,2
2019-01-02 09:30:01.660000,9.54,1200,2,2,199527,,2
2019-01-02 09:30:01.670000,10.0,500,2,2,199666,,2
2019-01-02 09:30:01.680000,9.5,2200,2,2,199833,,2
2019-01-02 09:30:01.680000,10.15,300,2,2,199911,,2
2019-01-02 09:30:01.690000,9.4,200,1,2,200024,,2
2019-01-02 09:30:01.700000,9.8,900,2,2,200303,,2
2019-01-02 09:30:01.720000,9.18,500,1,2,200540,,2
2019-01-02 09:30:01.750000,9.39,1000,1,2,200924,,2
2019-01-02 09:30:01.750000,9.39,600,1,2,200983,,2
2019-01-02 09:30:01.770000,9.45,200,2,2,201298,,2
2019-01-02 09:30:01.770000,9.62,2000,2,2,201347,,2
2019-01-02 09:30:01.770000,9.76,2000,2,2,201369,,2
2019-01-02 09:30:01.790000,9.32,2500,1,2,201521,,2
2019-01-02 09:30:01.790000,9.54,500,2,2,201589,,2
2019-01-02 09:30:01.800000,10.1,2000,2,2,201764,,2
2019-01-02 09:30:01.800000,9.1,300,1,2,201765,,2
2019-01-02 09:30:01.810000,10.3,2000,2,2,201905,,2
2019-01-02 09:30:01.820000,9.52,8000,2,2,202003,,2
2019-01-02 09:30:01.830000,9.75,2700,2,2,202135,,2
2019-01-02 09:30:01.830000,9.4,200,1,2,202160,,2
2019-01-02 09:30:01.850000,9.58,4200,2,2,202525,,2
2019-01-02 09:30:01.860000,9.39,3300,1,2,202621,,2
2019-01-02 09:30:01.860000,9.39,300,2,2,202675,,2
2019-01-02 09:30:01.860000,9.39,2000,1,2,202692,,2
2019-01-02 09:30:01.870000,9.4,6300,1,2,202840,,2
2019-01-02 09:30:01.870000,9.98,5000,2,2,202857,,2
2019-01-02 09:30:01.880000,9.46,50000,2,2,203063,,2
2019-01-02 09:30:01.890000,9.4,10100,2,2,203272,,2
2019-01-02 09:30:01.890000,9.39,700,1,2,203354,,2
2019-01-02 09:30:01.890000,9.41,1500,2,2,203376,,2
2019-01-02 09:30:01.890000,9.43,1500,2,2,203394,,2
2019-01-02 09:30:01.900000,9.31,1000,1,2,203418,,2
2019-01-02 09:30:01.900000,8.92,1000,1,2,203435,,2
2019-01-02 09:30:01.910000,9.48,1000,2,2,203654,,2
2019-01-02 09:30:01.940000,10.32,1100,2,2,204187,,2
2019-01-02 09:30:01.950000,9.39,10000,2,2,204414,,2
2019-01-02 09:30:01.950000,9.5,1000,2,2,204617,,2
2019-01-02 09:30:01.960000,,5300,1,2,192562,,1
2019-01-02 09:30:02.000000,10.0,1300,2,2,205611,,2
2019-01-02 09:30:02.010000,9.39,1000,1,2,206044,,2
2019-01-02 09:30:02.050000,9.4,2000,1,2,206497,,2
2019-01-02 09:30:02.070000,9.4,11800,1,2,206982,,2
2019-01-02 09:30:02.080000,9.49,47000,2,2,207090,,2
2019-01-02 09:30:02.080000,9.47,1000,2,2,207177,,2
2019-01-02 09:30:02.080000,9.39,100,2,2,207215,,2
2019-01-02 09:30:02.160000,9.39,39000,1,2,208077,,2
2019-01-02 09:30:02.170000,10.3,1000,2,2,208215,,2
2019-01-02 09:30:02.170000,9.4,2000,1,2,208225,,2
2019-01-02 09:30:02.170000,9.39,1700,1,2,208299,,2
2019-01-02 09:30:02.190000,9.45,400,2,2,208614,,2
2019-01-02 09:30:02.260000,9.36,1500,1,2,209383,,2
2019-01-02 09:30:02.270000,9.4,74500,1,2,209506,,2
2019-01-02 09:30:02.440000,,2000,1,2,208225,,1
2019-01-02 09:30:02.470000,9.49,20000,2,2,211389,,2
2019-01-02 09:30:02.470000,9.45,10000,2,2,211463,,2
2019-01-02 09:30:02.510000,9.66,200,2,2,211967,,2
2019-01-02 09:30:02.540000,9.37,500,1,2,212332,,2
2019-01-02 09:30:02.540000,9.46,4000,2,2,212334,,2
2019-01-02 09:30:02.550000,9.48,10000,2,2,212444,,2
2019-01-02 09:30:02.580000,9.7,2000,2,2,212707,,2
2019-01-02 09:30:02.580000,9.39,1000,1,2,212723,,2
2019-01-02 09:30:02.620000,9.45,300,2,2,213308,,2
2019-01-02 09:30:02.630000,9.36,900,2,2,213429,,2
2019-01-02 09:30:02.640000,9.4,900,1,2,213661,,2
2019-01-02 09:30:02.670000,9.49,400,2,2,213905,,2
2019-01-02 09:30:02.680000,9.4,300,1,2,213960,,2
2019-01-02 09:30:02.690000,9.28,5900,1,2,214184,,2
2019-01-02 09:30:02.720000,9.25,2000,1,2,214332,,2
2019-01-02 09:30:02.730000,9.88,2000,2,2,214567,,2
2019-01-02 09:30:02.760000,9.75,5000,2,2,214734,,2
2019-01-02 09:30:02.780000,9.49,1000,2,2,214830,,2
2019-01-02 09:30:02.800000,9.49,1000,2,2,215085,,2
2019-01-02 09:30:02.810000,10.32,100,2,2,215248,,2
2019-01-02 09:30:02.820000,9.4,300,1,2,215276,,2
2019-01-02 09:30:02.830000,9.4,5000,1,2,215396,,2
2019-01-02 09:30:02.860000,9.39,1000,1,2,215694,,2
2019-01-02 09:30:02.870000,9.7,1000,2,2,215886,,2
2019-01-02 09:30:02.870000,9.52,1000,2,2,215898,,2
2019-01-02 09:30:02.890000,9.4,5000,2,2,216092,,2
2019-01-02 09:30:02.950000,9.39,100,1,2,216895,,2
2019-01-02 09:30:02.960000,9.2,300,1,2,217026,,2
2019-01-02 09:30:03.010000,9.49,10000,2,2,217245,,2
2019-01-02 09:30:03.050000,9.4,20000,1,2,217683,,2
2019-01-02 09:30:03.060000,9.6,5400,2,2,217890,,2
2019-01-02 09:30:03.060000,9.39,1000,1,2,217932,,2
2019-01-02 09:30:03.100000,9.4,3000,1,2,218331,,2
2019-01-02 09:30:03.180000,9.36,2400,1,2,218931,,2
2019-01-02 09:30:03.180000,10.32,300,2,2,218939,,2
2019-01-02 09:30:03.180000,9.39,1000,1,2,218968,,2
2019-01-02 09:30:03.210000,9.4,1000,1,2,219328,,2
2019-01-02 09:30:03.300000,9.4,400,1,2,220340,,2
2019-01-02 09:30:03.330000,9.4,13000,1,2,220597,,2
2019-01-02 09:30:03.350000,9.4,300,1,2,220805,,2
2019-01-02 09:30:03.360000,9.53,400,2,2,220853,,2
2019-01-02 09:30:03.370000,9.4,2900,1,2,220958,,2
2019-01-02 09:30:03.430000,8.95,1000000,1,2,221361,,2
2019-01-02 09:30:03.440000,8.95,1000000,1,2,221450,,2
2019-01-02 09:30:03.440000,8.95,1000000,1,2,221451,,2
2019-01-02 09:30:03.450000,9.4,500,1,2,221595,,2
2019-01-02 09:30:03.450000,9.4,1200,1,2,221606,,2
2019-01-02 09:30:03.460000,9.31,3400,1,2,221658,,2
2019-01-02 09:30:03.470000,8.95,450000,1,2,221689,,2
2019-01-02 09:30:03.490000,9.46,8400,2,2,221984,,2
2019-01-02 09:30:03.500000,9.8,200,2,2,222192,,2
2019-01-02 09:30:03.530000,9.55,500,2,2,222564,,2
2019-01-02 09:30:03.590000,9.4,20000,2,2,222961,,2
2019-01-02 09:30:03.600000,9.4,3400,1,2,223044,,2
2019-01-02 09:30:03.600000,9.39,2900,1,2,223048,,2
2019-01-02 09:30:03.600000,9.4,2000,1,2,223066,,2
2019-01-02 09:30:03.680000,9.3,100,1,2,223714,,2
2019-01-02 09:30:03.720000,9.5,2000,2,2,224090,,2
2019-01-02 09:30:03.740000,9.41,2700,1,2,224381,,2
2019-01-02 09:30:03.770000,10.32,500,2,2,224639,,2
2019-01-02 09:30:03.780000,10.0,1000,2,2,224670,,2
2019-01-02 09:30:03.800000,9.49,1100,2,2,224953,,2
2019-01-02 09:30:03.800000,9.53,2000,2,2,224974,,2
2019-01-02 09:30:03.850000,9.39,5000,2,2,225264,,2
2019-01-02 09:30:03.850000,9.31,2000,1,2,225388,,2
2019-01-02 09:30:03.860000,9.41,2000,1,2,225391,,2
2019-01-02 09:30:03.860000,9.39,300,1,2,225437,,2
2019-01-02 09:30:03.920000,9.4,200,1,2,225887,,2
2019-01-02 09:30:03.930000,9.4,200,1,2,225975,,2
2019-01-02 09:30:03.970000,9.4,22200,1,2,226246,,2
2019-01-02 09:30:04.040000,9.83,21900,2,2,226756,,2
2019-01-02 09:30:04.050000,10.32,300,2,2,226984,,2
2019-01-02 09:30:04.060000,9.6,3000,2,2,227023,,2
2019-01-02 09:30:04.070000,9.5,2000,2,2,227141,,2
2019-01-02 09:30:04.100000,9.4,500,1,2,227316,,2
2019-01-02 09:30:04.100000,9.43,1500,2,2,227318,,2
2019-01-02 09:30:04.100000,9.3,500,1,2,227334,,2
2019-01-02 09:30:04.150000,9.55,1000,2,2,227750,,2
2019-01-02 09:30:04.150000,9.66,1000,2,2,227763,,2
2019-01-02 09:30:04.150000,9.77,1000,2,2,227777,,2
2019-01-02 09:30:04.270000,9.4,8100,1,2,228516,,2
2019-01-02 09:30:04.270000,9.45,500,2,2,228561,,2
2019-01-02 09:30:04.300000,9.47,5600,2,2,228688,,2
2019-01-02 09:30:04.430000,9.45,1700,2,2,229107,,2
2019-01-02 09:30:04.430000,9.4,6100,1,2,229133,,2
2019-01-02 09:30:04.430000,10.1,2000,2,2,229143,,2
2019-01-02 09:30:04.490000,9.55,800,2,2,229463,,2
2019-01-02 09:30:04.490000,9.45,100,2,2,229554,,2
2019-01-02 09:30:04.510000,9.4,9000,2,2,229669,,2
2019-01-02 09:30:04.580000,8.5,50000,1,2,230062,,2
2019-01-02 09:30:04.610000,9.39,2200,1,2,230379,,2
2019-01-02 09:30:04.620000,9.65,13600,2,2,230437,,2
2019-01-02 09:30:04.670000,9.52,50500,2,2,230769,,2
2019-01-02 09:30:04.670000,9.44,5600,2,2,230802,,2
2019-01-02 09:30:04.700000,9.8,12600,2,2,230985,,2
2019-01-02 09:30:04.740000,9.56,2100,2,2,231460,,2
2019-01-02 09:30:04.740000,9.65,500,2,2,231482,,2
2019-01-02 09:30:04.760000,9.4,1000,1,2,231560,,2
2019-01-02 09:30:04.770000,9.39,10000,1,2,231635,,2
2019-01-02 09:30:04.820000,9.48,1000,2,2,231982,,2
2019-01-02 09:30:04.830000,9.29,700,1,2,232043,,2
2019-01-02 09:30:04.830000,9.35,50000,1,2,232053,,2
2019-01-02 09:30:04.910000,10.32,5700,2,2,232398,,2
2019-01-02 09:30:04.930000,9.43,128200,2,2,232550,,2
2019-01-02 09:30:05.050000,9.58,3500,2,2,232981,,2
2019-01-02 09:30:05.070000,9.39,100,2,2,233098,,2
2019-01-02 09:30:05.080000,9.88,1000,2,2,233237,,2
2019-01-02 09:30:05.110000,9.41,2000,1,2,233399,,2
2019-01-02 09:30:05.190000,9.4,400,1,2,233712,,2
2019-01-02 09:30:05.190000,9.34,16600,1,2,233750,,2
2019-01-02 09:30:05.320000,9.41,600,2,2,234313,,2
2019-01-02 09:30:05.360000,,800,1,2,170265,,1
2019-01-02 09:30:05.370000,9.51,5000,2,2,234582,,2
2019-01-02 09:30:05.430000,9.4,800,1,2,234909,,2
2019-01-02 09:30:05.440000,9.47,1500,2,2,235098,,2
2019-01-02 09:30:05.450000,9.47,3000,2,2,235110,,2
2019-01-02 09:30:05.470000,9.38,200,2,2,235156,,2
2019-01-02 09:30:05.490000,9.84,3400,2,2,235356,,2
2019-01-02 09:30:05.540000,9.4,100,1,2,235513,,2
2019-01-02 09:30:05.580000,10.31,3800,2,2,235703,,2
2019-01-02 09:30:05.600000,9.39,600,1,2,235784,,2
2019-01-02 09:30:05.650000,9.4,300,1,2,236046,,2
2019-01-02 09:30:05.650000,9.39,1000,1,2,236103,,2
2019-01-02 09:30:05.690000,9.45,1000,2,2,236320,,2
2019-01-02 09:30:05.850000,9.33,1000,1,2,236955,,2
2019-01-02 09:30:05.910000,9.58,1300,2,2,237269,,2
2019-01-02 09:30:05.960000,9.4,600,1,2,237403,,2
2019-01-02 09:30:05.980000,9.39,200,1,2,237507,,2
2019-01-02 09:30:06.000000,9.37,1600,2,2,237534,,2
2019-01-02 09:30:06.000000,9.34,2900,1,2,237561,,2
2019-01-02 09:30:06.020000,9.55,2100,2,2,237648,,2
2019-01-02 09:30:06.020000,9.3,1700,2,2,237650,,2
2019-01-02 09:30:06.110000,,100,1,2,144655,,1
2019-01-02 09:30:06.110000,,100,1,2,169937,,1
2019-01-02 09:30:06.110000,9.4,100,1,2,237965,,2
2019-01-02 09:30:06.110000,9.4,100,1,2,237967,,2
2019-01-02 09:30:06.190000,9.5,1200,2,2,238030,,2
2019-01-02 09:30:06.190000,9.8,500,2,2,238040,,2
2019-01-02 09:30:06.190000,9.4,500,1,2,238085,,2
2019-01-02 09:30:06.200000,9.33,5600,1,2,238122,,2
2019-01-02 09:30:06.240000,9.58,4100,2,2,238190,,2
2019-01-02 09:30:06.290000,9.38,1100,1,2,238372,,2
2019-01-02 09:30:06.390000,9.32,5600,1,2,238631,,2
2019-01-02 09:30:06.390000,9.68,4000,2,2,238651,,2
2019-01-02 09:30:06.410000,9.68,2000,2,2,238705,,2
2019-01-02 09:30:06.460000,9.4,700,1,2,238828,,2
2019-01-02 09:30:06.510000,9.34,10000,1,2,239088,,2
2019-01-02 09:30:06.570000,9.34,5600,1,2,239351,,2
2019-01-02 09:30:06.640000,9.6,100,2,2,239599,,2
2019-01-02 09:30:06.670000,9.39,300,2,2,239791,,2
2019-01-02 09:30:06.780000,9.4,500,1,2,240236,,2
2019-01-02 09:30:06.870000,8.76,300,1,2,240450,,2
2019-01-02 09:30:06.870000,9.39,1000,1,2,240457,,2
2019-01-02 09:30:06.950000,9.3,1000,1,2,240703,,2
2019-01-02 09:30:06.960000,9.5,41800,2,2,240776,,2
2019-01-02 09:30:07.000000,9.6,2800,2,2,240833,,2
2019-01-02 09:30:07.010000,9.2,1300,1,2,240856,,2
2019-01-02 09:30:07.020000,9.4,100,1,2,240967,,2
2019-01-02 09:30:07.020000,9.4,100,1,2,240973,,2
2019-01-02 09:30:07.140000,9.59,10000,2,2,241297,,2
2019-01-02 09:30:07.190000,10.31,1600,2,2,241408,,2
2019-01-02 09:30:07.410000,9.4,100,1,2,241938,,2
2019-01-02 09:30:07.500000,9.32,2100,2,2,242078,,2
2019-01-02 09:30:07.540000,9.47,4100,2,2,242170,,2
2019-01-02 09:30:07.580000,9.4,100,2,2,242254,,2
2019-01-02 09:30:07.590000,,300,1,2,225437,,1
2019-01-02 09:30:07.650000,9.42,4600,1,2,242414,,2
2019-01-02 09:30:07.670000,,100,1,2,169941,,1
2019-01-02 09:30:07.700000,9.4,100,1,2,242563,,2
2019-01-02 09:30:07.760000,9.41,2300,1,2,242673,,2
2019-01-02 09:30:07.800000,9.4,11500,1,2,242698,,2
2019-01-02 09:30:07.840000,9.76,300,2,2,242744,,2
2019-01-02 09:30:07.990000,9.4,500,1,2,242915,,2
2019-01-02 09:30:08.040000,9.5,1000,2,2,243006,,2
2019-01-02 09:30:08.220000,9.35,500,1,2,243154,,2
2019-01-02 09:30:08.490000,9.39,3000,1,2,243443,,2
2019-01-02 09:30:08.520000,8.88,500,1,2,243502,,2
2019-01-02 09:30:08.600000,9.31,1000,1,2,243618,,2
2019-01-02 09:30:08.900000,9.45,1000,2,2,243932,,2
2019-01-02 09:30:09.020000,9.5,200,2,2,244105,,2
2019-01-02 09:30:09.170000,9.42,100,1,2,244279,,2
2019-01-02 09:30:09.200000,9.41,1200,1,2,244307,,2
2019-01-02 09:30:09.270000,9.41,100,1,2,244401,,2
2019-01-02 09:30:09.340000,9.41,100,1,2,244511,,2
2019-01-02 09:30:09.360000,9.41,100,1,2,244574,,2
2019-01-02 09:30:09.490000,9.41,200,1,2,244722,,2
2019-01-02 09:30:09.490000,9.41,200,1,2,244723,,2
2019-01-02 09:30:10.460000,9.63,200,2,2,246225,,2
2019-01-02 09:30:10.590000,9.21,2500,2,2,246346,,2
2019-01-02 09:30:11.370000,,800,1,2,234909,,1
2019-01-02 09:30:11.400000,9.41,800,1,2,247382,,2
2019-01-02 09:30:11.470000,10.0,1100,2,2,247475,,2
2019-01-02 09:30:11.570000,,3000,1,2,195184,,1
2019-01-02 09:30:11.600000,9.41,3000,1,2,247635,,2
2019-01-02 09:30:11.690000,,200,2,0,54242,,1
2019-01-02 09:30:11.800000,,2000,2,2,154615,,1
2019-01-02 09:30:11.840000,10.05,2000,2,2,248026,,2
2019-01-02 09:30:12.120000,,100,1,2,237965,,1
2019-01-02 09:30:12.120000,,100,1,2,237967,,1
2019-01-02 09:30:12.120000,,11500,1,2,242698,,1
2019-01-02 09:30:12.120000,9.41,100,1,2,248423,,2
2019-01-02 09:30:12.120000,9.41,100,1,2,248426,,2
2019-01-02 09:30:12.150000,9.41,5500,2,2,248463,,2
2019-01-02 09:30:12.180000,,2500,2,1,248530,2,2
2019-01-02 09:30:12.340000,9.41,3000,1,2,248855,,2
2019-01-02 09:30:12.520000,9.4,200,2,2,249173,,2
2019-01-02 09:30:12.550000,9.49,300,2,2,249222,,2
2019-01-02 09:30:12.710000,9.41,2000,1,2,249515,,2
2019-01-02 09:30:12.860000,9.42,2000,2,2,249813,,2
2019-01-02 09:30:13.030000,9.5,500,2,2,250091,,2
2019-01-02 09:30:13.060000,9.41,12700,2,2,250197,,2
2019-01-02 09:30:13.690000,,1000,1,2,240457,,1
2019-01-02 09:30:14.040000,9.41,10200,2,2,251353,,2
2019-01-02 09:30:14.310000,9.44,3800,1,2,251700,,2
2019-01-02 09:30:14.620000,9.42,5500,2,2,251969,,2
2019-01-02 09:30:14.630000,9.42,700,2,2,251995,,2
2019-01-02 09:30:14.900000,8.44,4100,2,2,252302,,2
2019-01-02 09:30:14.900000,9.39,1000,1,2,252313,,2
2019-01-02 09:30:15.030000,9.0,500,1,2,252483,,2
2019-01-02 09:30:15.070000,,10000,2,2,211463,,1
2019-01-02 09:30:15.150000,9.41,1500,1,2,252673,,2
2019-01-02 09:30:15.340000,9.4,2000,1,2,252997,,2
2019-01-02 09:30:15.470000,9.42,900,2,2,253180,,2
2019-01-02 09:30:15.550000,9.41,200,2,2,253343,,2
2019-01-02 09:30:15.790000,9.42,5600,2,2,253783,,2
2019-01-02 09:30:15.950000,,100,2,2,229554,,1
2019-01-02 09:30:16.010000,9.65,1100,2,2,254226,,2
2019-01-02 09:30:16.060000,9.54,10000,2,2,254341,,2
2019-01-02 09:30:16.170000,9.42,500,1,2,254497,,2
2019-01-02 09:30:16.500000,9.4,1700,2,2,254958,,2
2019-01-02 09:30:16.550000,9.38,400,1,2,255065,,2
2019-01-02 09:30:16.550000,9.35,2600,1,2,255068,,2
2019-01-02 09:30:17.110000,9.31,800,1,2,255719,,2
2019-01-02 09:30:17.170000,9.4,1600,2,2,255792,,2
2019-01-02 09:30:17.180000,9.37,1600,2,2,255856,,2
2019-01-02 09:30:17.360000,9.42,1000,2,2,256082,,2
2019-01-02 09:30:17.380000,9.4,3000,1,2,256106,,2
2019-01-02 09:30:17.510000,9.41,9300,2,2,256258,,2
2019-01-02 09:30:17.560000,9.42,20000,2,2,256332,,2
2019-01-02 09:30:17.570000,9.41,1900,2,2,256342,,2
2019-01-02 09:30:17.580000,,5000,2,2,181858,,1
2019-01-02 09:30:17.670000,8.44,2500,2,2,256460,,2
2019-01-02 09:30:17.890000,,2500,2,1,256779,1,2
2019-01-02 09:30:18.100000,9.42,17000,2,2,257084,,2
2019-01-02 09:30:18.280000,9.21,500,1,2,257349,,2
2019-01-02 09:30:18.360000,9.5,2900,2,2,257479,,2
2019-01-02 09:30:18.810000,,200,2,2,253343,,1
2019-01-02 09:30:18.810000,9.49,1400,2,2,258350,,2
2019-01-02 09:30:18.900000,9.39,1600,2,2,258507,,2
2019-01-02 09:30:18.910000,,200,1,0,102339,,1
2019-01-02 09:30:18.970000,9.4,300,1,2,258623,,2
2019-01-02 09:30:19.150000,9.43,11600,1,2,258880,,2
2019-01-02 09:30:19.770000,,2000,2,0,93455,,1
2019-01-02 09:30:20.280000,9.41,300,1,2,260448,,2
2019-01-02 09:30:20.490000,,200,2,0,1380,,1
2019-01-02 09:30:20.600000,9.41,800,1,2,260916,,2
2019-01-02 09:30:20.740000,9.41,1000,1,2,261085,,2
2019-01-02 09:30:20.760000,9.4,25300,1,2,261108,,2
2019-01-02 09:30:20.770000,9.99,1000,2,2,261125,,2
2019-01-02 09:30:20.990000,,2400,2,0,54403,,1
2019-01-02 09:30:21.000000,9.68,2000,2,2,261409,,2
2019-01-02 09:30:21.130000,9.4,100,2,2,261647,,2
2019-01-02 09:30:22.140000,9.4,1700,2,2,263847,,2
2019-01-02 09:30:22.250000,9.42,2000,2,2,264144,,2
2019-01-02 09:30:22.300000,9.4,278900,2,2,264222,,2
2019-01-02 09:30:22.870000,9.37,16400,2,2,265447,,2
2019-01-02 09:30:23.130000,9.39,100,2,2,265839,,2
2019-01-02 09:30:23.220000,9.9,10000,2,2,265958,,2
2019-01-02 09:30:23.220000,9.4,400,1,2,265959,,2
2019-01-02 09:30:23.230000,9.4,300,1,2,265970,,2
2019-01-02 09:30:23.280000,9.41,200,1,2,266061,,2
2019-01-02 09:30:23.390000,9.3,200,1,2,266218,,2
2019-01-02 09:30:23.590000,9.39,200,2,2,266519,,2
2019-01-02 09:30:24.110000,9.4,1500,1,2,267248,,2
2019-01-02 09:30:24.360000,9.41,10000,2,2,267661,,2
2019-01-02 09:30:24.460000,9.54,2000,2,2,267905,,2
2019-01-02 09:30:24.570000,9.39,2800,1,2,268142,,2
2019-01-02 09:30:24.860000,9.45,2200,2,2,268726,,2
2019-01-02 09:30:24.890000,,20000,2,0,94776,,1
2019-01-02 09:30:25.320000,9.4,100,2,2,269615,,2
2019-01-02 09:30:25.650000,9.39,12800,2,2,270124,,2
2019-01-02 09:30:25.780000,9.4,12900,2,2,270297,,2
2019-01-02 09:30:26.020000,9.42,2900,2,2,270610,,2
2019-01-02 09:30:26.280000,9.4,3200,1,2,271003,,2
2019-01-02 09:30:26.480000,9.4,1100,2,2,271240,,2
2019-01-02 09:30:26.700000,9.41,1100,2,2,271568,,2
2019-01-02 09:30:26.980000,10.29,200,2,2,271990,,2
2019-01-02 09:30:27.610000,9.41,5000,2,2,273217,,2
2019-01-02 09:30:28.060000,9.4,2303,2,2,274100,,2
2019-01-02 09:30:28.250000,,100,2,2,269615,,1
2019-01-02 09:30:28.250000,9.37,3000,1,2,274449,,2
2019-01-02 09:30:28.290000,9.39,2100,2,2,274510,,2
2019-01-02 09:30:28.310000,9.37,10000,2,2,274546,,2
2019-01-02 09:30:28.650000,9.42,5000,2,2,275067,,2
2019-01-02 09:30:28.710000,9.39,700,1,2,275168,,2
2019-01-02 09:30:29.420000,9.3,1000,1,2,276138,,2
2019-01-02 09:30:29.610000,9.36,10000,1,2,276382,,2
2019-01-02 09:30:29.750000,9.41,1500,1,2,276564,,2
2019-01-02 09:30:29.960000,,1500,2,1,276842,1,2
2019-01-02 09:30:30.060000,9.39,800,1,2,276992,,2
2019-01-02 09:30:30.070000,9.41,5600,2,2,277009,,2
2019-01-02 09:30:30.200000,9.4,200,1,2,277249,,2
2019-01-02 09:30:30.270000,9.39,1000,1,2,277390,,2
2019-01-02 09:30:30.290000,9.39,72400,2,2,277433,,2
2019-01-02 09:30:30.570000,9.4,5100,1,2,278008,,2
2019-01-02 09:30:30.800000,9.42,7960,2,2,278410,,2
2019-01-02 09:30:30.820000,9.45,1000,2,2,278443,,2
2019-01-02 09:30:30.870000,9.4,8300,2,2,278531,,2
2019-01-02 09:30:31.450000,9.39,1000,2,2,279515,,2
2019-01-02 09:30:31.530000,,1000,1,2,252313,,1
2019-01-02 09:30:31.620000,9.4,100,2,2,279871,,2
2019-01-02 09:30:33.350000,9.42,1200,2,2,282781,,2
2019-01-02 09:30:33.540000,,1900,1,0,46409,,1
2019-01-02 09:30:33.600000,9.39,1000,1,2,283517,,2
2019-01-02 09:30:33.850000,9.39,100,2,2,284046,,2
2019-01-02 09:30:34.230000,9.42,800,2,2,284800,,2
2019-01-02 09:30:34.230000,9.42,1000,2,2,284807,,2
2019-01-02 09:30:34.490000,9.3,1700,2,2,285184,,2
2019-01-02 09:30:34.500000,9.39,200,1,2,285223,,2
2019-01-02 09:30:34.610000,9.38,200,2,2,285414,,2
2019-01-02 09:30:34.700000,9.41,1100,2,2,285572,,2
2019-01-02 09:30:34.960000,9.39,500,2,2,286034,,2
2019-01-02 09:30:35.090000,,2000,2,2,249813,,1
2019-01-02 09:30:35.340000,,5000,2,2,178159,,1
2019-01-02 09:30:35.740000,,27600,2,0,92166,,1
2019-01-02 09:30:36.110000,9.3,1700,2,2,287825,,2
2019-01-02 09:30:36.170000,9.4,400,2,2,287981,,2
2019-01-02 09:30:36.180000,9.39,300,1,2,288024,,2
2019-01-02 09:30:36.380000,9.37,10000,2,2,288513,,2
2019-01-02 09:30:36.450000,9.45,100,2,2,288691,,2
2019-01-02 09:30:36.830000,8.44,4100,2,2,289728,,2
2019-01-02 09:30:37.060000,,700,2,2,140644,,1
2019-01-02 09:30:37.420000,9.41,500,1,2,290986,,2
2019-01-02 09:30:37.500000,9.39,500,1,2,291161,,2
2019-01-02 09:30:37.750000,,10000,2,2,267661,,1
2019-01-02 09:30:38.070000,9.36,8200,2,2,292166,,2
2019-01-02 09:30:38.490000,9.66,2000,2,2,292974,,2
2019-01-02 09:30:38.570000,9.0,1700,1,2,293071,,2
2019-01-02 09:30:38.670000,9.4,800,1,2,293190,,2
2019-01-02 09:30:38.840000,9.4,1100,2,2,293425,,2
2019-01-02 09:30:39.130000,9.54,5000,2,2,293859,,2
2019-01-02 09:30:39.490000,9.41,600,1,2,294598,,2
2019-01-02 09:30:39.590000,9.45,25670,2,2,294838,,2
2019-01-02 09:30:40.590000,9.39,1000,1,2,296958,,2
2019-01-02 09:30:40.930000,8.45,2300,2,2,297460,,2
2019-01-02 09:30:41.120000,8.9,1000,1,2,297775,,2
2019-01-02 09:30:41.330000,9.4,300,1,2,298270,,2
2019-01-02 09:30:41.620000,9.38,2000,1,2,298749,,2
2019-01-02 09:30:41.640000,9.4,38200,1,2,298783,,2
2019-01-02 09:30:41.860000,9.45,2000,2,2,299110,,2
2019-01-02 09:30:41.940000,9.64,1000,2,2,299222,,2
2019-01-02 09:30:42.000000,9.4,2000,2,2,299313,,2
2019-01-02 09:30:42.050000,9.39,1000,1,2,299383,,2
2019-01-02 09:30:42.270000,,8300,2,2,278531,,1
2019-01-02 09:30:42.390000,9.4,2000,1,2,300277,,2
2019-01-02 09:30:42.460000,9.42,3000,2,2,300424,,2
2019-01-02 09:30:42.940000,9.39,10000,2,2,301657,,2
2019-01-02 09:30:43.090000,9.4,1000,2,2,302011,,2
2019-01-02 09:30:43.190000,9.39,1700,2,2,302210,,2
2019-01-02 09:30:43.220000,9.35,600,1,2,302282,,2
2019-01-02 09:30:43.230000,9.7,1000,2,2,302305,,2
2019-01-02 09:30:43.250000,9.39,40400,2,2,302329,,2
2019-01-02 09:30:43.360000,9.4,600,1,2,302558,,2
2019-01-02 09:30:43.820000,9.39,200,2,2,303345,,2
2019-01-02 09:30:43.850000,9.35,3000,1,2,303380,,2
2019-01-02 09:30:44.230000,9.4,12000,2,2,303933,,2
2019-01-02 09:30:44.270000,9.37,10000,2,2,303980,,2
2019-01-02 09:30:44.350000,9.43,10000,2,2,304132,,2
2019-01-02 09:30:44.490000,9.4,4700,1,2,304334,,2
2019-01-02 09:30:44.670000,9.42,700,2,2,304623,,2
2019-01-02 09:30:44.870000,9.39,500,2,2,304934,,2
2019-01-02 09:30:45.320000,9.39,1000,1,2,305731,,2
2019-01-02 09:30:45.590000,9.38,200,2,2,306427,,2
2019-01-02 09:30:45.800000,9.49,8000,2,2,306975,,2
2019-01-02 09:30:45.800000,9.49,400,2,2,306976,,2
2019-01-02 09:30:45.940000,8.9,2500,1,2,307350,,2
2019-01-02 09:30:46.420000,9.4,8200,1,2,308176,,2
2019-01-02 09:30:46.470000,10.08,5000,2,2,308235,,2
2019-01-02 09:30:46.510000,9.41,400,1,2,308295,,2
2019-01-02 09:30:46.640000,9.53,200,2,2,308484,,2
2019-01-02 09:30:46.840000,9.44,2000,2,2,308776,,2
2019-01-02 09:30:46.890000,10.08,2000,2,2,308865,,2
2019-01-02 09:30:47.070000,9.4,500,1,2,309128,,2
2019-01-02 09:30:47.370000,9.39,1000,1,2,309506,,2
2019-01-02 09:30:47.410000,9.4,6700,2,2,309568,,2
2019-01-02 09:30:47.540000,9.42,1000,2,2,309795,,2
2019-01-02 09:30:47.940000,9.4,3000,1,2,310334,,2
2019-01-02 09:30:48.160000,9.49,1400,2,2,310665,,2
2019-01-02 09:30:48.190000,9.39,2000,1,2,310723,,2
2019-01-02 09:30:50.090000,9.48,300,2,2,314534,,2
2019-01-02 09:30:50.160000,9.28,6200,1,2,314623,,2
2019-01-02 09:30:50.320000,9.4,1100,2,2,314869,,2
2019-01-02 09:30:50.350000,9.39,1000,2,2,314897,,2
2019-01-02 09:30:50.600000,9.63,27600,2,2,315268,,2
2019-01-02 09:30:50.660000,9.39,1000,1,2,315353,,2
2019-01-02 09:30:50.930000,9.5,3000,2,2,315751,,2
2019-01-02 09:30:51.060000,9.45,400,2,2,315947,,2
2019-01-02 09:30:51.120000,9.42,500,2,2,316045,,2
2019-01-02 09:30:51.260000,9.39,3000,2,2,316312,,2
2019-01-02 09:30:51.460000,9.39,2300,2,2,316676,,2
2019-01-02 09:30:51.760000,9.4,1400,2,2,317351,,2
2019-01-02 09:30:52.050000,9.4,2000,1,2,318106,,2
2019-01-02 09:30:52.230000,9.4,1300,1,2,318447,,2
2019-01-02 09:30:52.300000,9.39,1000,2,2,318597,,2
2019-01-02 09:30:52.370000,9.41,600,2,2,318698,,2
2019-01-02 09:30:52.670000,,1900,2,2,256342,,1
2019-01-02 09:30:53.200000,,1000,2,2,236320,,1
2019-01-02 09:30:53.320000,9.42,5000,2,2,320089,,2
2019-01-02 09:30:53.460000,9.2,1700,2,2,320282,,2
2019-01-02 09:30:53.520000,9.4,5000,1,2,320422,,2
2019-01-02 09:30:53.580000,9.37,10000,2,2,320530,,2
2019-01-02 09:30:53.620000,9.48,400,2,2,320598,,2
2019-01-02 09:30:53.650000,9.38,1000,1,2,320627,,2
2019-01-02 09:30:53.960000,9.38,1700,2,2,320988,,2
2019-01-02 09:30:54.120000,9.39,5000,2,2,321184,,2
2019-01-02 09:30:54.540000,9.56,1600,2,2,322089,,2
2019-01-02 09:30:54.540000,9.46,1000,2,2,322091,,2
2019-01-02 09:30:54.880000,9.41,800,2,2,322741,,2
2019-01-02 09:30:55.780000,9.39,800,1,2,324172,,2
2019-01-02 09:30:55.810000,9.38,1000,1,2,324209,,2
2019-01-02 09:30:56.000000,9.4,4700,1,2,324473,,2
2019-01-02 09:30:56.160000,,1000,1,0,86849,,1
2019-01-02 09:30:56.250000,9.4,9800,1,2,324826,,2
2019-01-02 09:30:56.530000,9.38,100,2,2,325160,,2
2019-01-02 09:30:56.770000,9.39,200,1,2,325448,,2
2019-01-02 09:30:57.310000,10.28,2000,2,2,326405,,2
2019-01-02 09:30:57.440000,9.52,2100,2,2,326709,,2
2019-01-02 09:30:57.570000,9.39,100,2,2,326991,,2
2019-01-02 09:30:57.900000,9.4,500,2,2,327757,,2
2019-01-02 09:30:58.200000,9.39,11697,2,2,328306,,2
2019-01-02 09:30:58.320000,9.32,10500,1,2,328540,,2
2019-01-02 09:30:58.330000,8.44,100,1,2,328546,,2
2019-01-02 09:30:58.330000,8.44,100,1,2,328547,,2
2019-01-02 09:30:58.960000,9.4,10000,1,2,329471,,2
2019-01-02 09:30:59.150000,10.0,300,2,2,329758,,2
2019-01-02 09:30:59.220000,9.4,200,1,2,329868,,2
2019-01-02 09:30:59.880000,,500,1,2,291161,,1
2019-01-02 09:30:59.930000,9.31,100,1,2,330803,,2
2019-01-02 09:31:00.100000,9.39,1400,1,2,331087,,2
2019-01-02 09:31:00.120000,9.39,500,1,2,331119,,2
2019-01-02 09:31:00.180000,9.39,800,1,2,331206,,2
2019-01-02 09:31:00.310000,9.35,500,1,2,331530,,2
2019-01-02 09:31:00.330000,,100,1,2,328546,,1
2019-01-02 09:31:00.330000,,100,1,2,328547,,1
2019-01-02 09:31:01.020000,9.69,1000,2,2,333375,,2
2019-01-02 09:31:01.070000,9.4,200,1,2,333499,,2
2019-01-02 09:31:01.340000,,900,1,0,90588,,1
2019-01-02 09:31:01.660000,,200,1,2,285223,,1
2019-01-02 09:31:01.820000,9.39,200,2,2,335018,,2
2019-01-02 09:31:02.750000,9.33,10000,1,2,336421,,2
2019-01-02 09:31:03.180000,9.4,10700,2,2,337046,,2
2019-01-02 09:31:03.930000,9.6,500,2,2,338760,,2
2019-01-02 09:31:04.430000,9.39,5300,1,2,339483,,2
2019-01-02 09:31:04.840000,9.83,5000,2,2,340102,,2
2019-01-02 09:31:05.370000,,5000,2,2,275067,,1
2019-01-02 09:31:05.460000,,1000,1,2,141286,,1
2019-01-02 09:31:05.650000,,600,1,0,42382,,1
2019-01-02 09:31:06.400000,9.39,300,1,2,342606,,2
2019-01-02 09:31:06.470000,9.4,15000,2,2,342737,,2
2019-01-02 09:31:06.630000,9.38,2000,2,2,343173,,2
2019-01-02 09:31:06.760000,9.39,1100,1,2,343507,,2
2019-01-02 09:31:07.080000,9.51,1100,2,2,344537,,2
2019-01-02 09:31:07.170000,9.11,100,1,2,344685,,2
2019-01-02 09:31:07.270000,9.65,1500,2,2,344823,,2
2019-01-02 09:31:07.450000,9.38,200,2,2,345130,,2
2019-01-02 09:31:07.470000,9.41,800,2,2,345172,,2
2019-01-02 09:31:07.500000,9.5,500,2,2,345222,,2
2019-01-02 09:31:07.530000,9.37,10000,2,2,345258,,2
2019-01-02 09:31:07.670000,9.42,800,2,2,345494,,2
2019-01-02 09:31:07.900000,9.39,1400,1,2,345902,,2
2019-01-02 09:31:08.050000,9.4,9100,1,2,346100,,2
2019-01-02 09:31:08.070000,10.0,1000,2,2,346118,,2
2019-01-02 09:31:08.480000,9.79,1500,2,2,346680,,2
2019-01-02 09:31:08.910000,9.55,8400,2,2,347316,,2
2019-01-02 09:31:09.050000,9.4,34800,1,2,347562,,2
2019-01-02 09:31:09.370000,9.39,900,1,2,348162,,2
2019-01-02 09:31:09.480000,9.36,200,1,2,348410,,2
2019-01-02 09:31:09.880000,,1000,2,2,176063,,1
2019-01-02 09:31:09.930000,9.53,1000,2,2,349485,,2
2019-01-02 09:31:10.300000,,3800,1,0,11398,,1
2019-01-02 09:31:10.730000,9.38,500,1,2,351068,,2
2019-01-02 09:31:11.020000,9.88,7300,2,2,351486,,2
2019-01-02 09:31:11.430000,9.38,2000,1,2,352049,,2
2019-01-02 09:31:11.500000,9.39,20000,2,2,352167,,2
2019-01-02 09:31:11.720000,9.52,600,2,2,352461,,2
2019-01-02 09:31:12.210000,9.42,1000,2,2,353380,,2
2019-01-02 09:31:12.650000,9.39,12200,2,2,354405,,2
2019-01-02 09:31:13.260000,9.4,2000,2,2,355705,,2
2019-01-02 09:31:13.280000,9.38,2600,1,2,355747,,2
2019-01-02 09:31:13.530000,,1700,2,2,177526,,1
2019-01-02 09:31:13.810000,9.39,100,1,2,356610,,2
2019-01-02 09:31:13.810000,9.39,5000,1,2,356618,,2
2019-01-02 09:31:14.260000,9.4,2000,1,2,357263,,2
2019-01-02 09:31:14.680000,,3000,1,2,178266,,1
2019-01-02 09:31:14.800000,9.42,2900,2,2,357972,,2
2019-01-02 09:31:15.130000,,400,1,2,166631,,1
2019-01-02 09:31:15.180000,9.41,500,1,2,358562,,2
2019-01-02 09:31:15.240000,9.4,4000,1,2,358683,,2
2019-01-02 09:31:15.310000,9.4,600,1,2,358821,,2
2019-01-02 09:31:15.580000,,5000,1,0,42506,,1
2019-01-02 09:31:16.140000,9.37,10000,2,2,360672,,2
2019-01-02 09:31:16.660000,9.4,1000,2,2,361495,,2
2019-01-02 09:31:16.710000,9.39,2100,2,2,361580,,2
2019-01-02 09:31:16.870000,9.35,200,1,2,361782,,2
2019-01-02 09:31:17.410000,9.55,2000,2,2,362502,,2
2019-01-02 09:31:17.430000,9.42,12300,2,2,362526,,2
2019-01-02 09:31:17.520000,9.39,100,1,2,362697,,2
2019-01-02 09:31:18.080000,9.8,200,2,2,363414,,2
2019-01-02 09:31:18.170000,9.39,100,2,2,363551,,2
2019-01-02 09:31:18.200000,9.39,1300,1,2,363595,,2
2019-01-02 09:31:18.240000,9.39,200,1,2,363683,,2
2019-01-02 09:31:18.290000,9.42,1500,2,2,363787,,2
2019-01-02 09:31:18.390000,9.39,2000,1,2,363975,,2
2019-01-02 09:31:18.540000,9.38,200,2,2,364314,,2
2019-01-02 09:31:18.700000,9.39,3200,1,2,364669,,2
2019-01-02 09:31:18.830000,10.3,200,2,2,365049,,2
2019-01-02 09:31:18.850000,,10000,2,0,8045,,1
2019-01-02 09:31:18.910000,,10000,2,0,8046,,1
2019-01-02 09:31:19.070000,9.36,16400,2,2,365503,,2
2019-01-02 09:31:19.160000,,100,2,0,26589,,1
2019-01-02 09:31:19.830000,9.38,1500,2,2,366773,,2
2019-01-02 09:31:20.120000,9.07,5000,1,2,367249,,2
2019-01-02 09:31:20.360000,9.39,1000,1,2,367600,,2
2019-01-02 09:31:20.650000,9.4,500,2,2,367950,,2
2019-01-02 09:31:20.960000,9.39,1700,1,2,368359,,2
2019-01-02 09:31:21.110000,9.39,14000,2,2,368549,,2
2019-01-02 09:31:21.190000,9.4,100,2,2,368686,,2
2019-01-02 09:31:21.620000,9.48,1100,2,2,369705,,2
2019-01-02 09:31:21.790000,9.5,300,2,2,370039,,2
2019-01-02 09:31:21.850000,9.48,5000,2,2,370176,,2
2019-01-02 09:31:21.950000,9.4,20000,1,2,370359,,2
2019-01-02 09:31:21.950000,9.39,500,1,2,370365,,2
2019-01-02 09:31:22.290000,9.45,1000,2,2,371012,,2
2019-01-02 09:31:22.560000,9.42,7600,2,2,371456,,2
2019-01-02 09:31:23.070000,,5500,2,2,251969,,1
2019-01-02 09:31:23.210000,9.35,3400,1,2,372305,,2
2019-01-02 09:31:23.230000,9.39,3000,1,2,372341,,2
2019-01-02 09:31:23.630000,10.32,100,2,2,372865,,2
2019-01-02 09:31:23.770000,9.4,5200,2,2,373051,,2
2019-01-02 09:31:23.800000,9.39,100,2,2,373109,,2
2019-01-02 09:31:23.860000,9.37,1000,1,2,373180,,2
2019-01-02 09:31:24.060000,9.4,1800,2,2,373472,,2
2019-01-02 09:31:24.080000,9.4,1800,2,2,373487,,2
2019-01-02 09:31:24.110000,9.4,200,2,2,373537,,2
2019-01-02 09:31:24.110000,9.41,18400,2,2,373543,,2
2019-01-02 09:31:24.150000,9.4,100,2,2,373619,,2
2019-01-02 09:31:24.300000,9.39,5000,1,2,373854,,2
2019-01-02 09:31:24.610000,9.37,8100,2,2,374504,,2
2019-01-02 09:31:25.000000,9.3,300,1,2,375341,,2
2019-01-02 09:31:25.200000,9.39,1000,1,2,375734,,2
2019-01-02 09:31:25.280000,8.9,1000,1,2,375888,,2
2019-01-02 09:31:25.550000,9.4,200,2,2,376319,,2
2019-01-02 09:31:25.700000,9.4,1800,2,2,376557,,2
2019-01-02 09:31:25.810000,,500,1,2,243154,,1
2019-01-02 09:31:26.030000,9.41,5000,2,2,377098,,2
2019-01-02 09:31:26.460000,9.68,500,2,2,377663,,2
2019-01-02 09:31:26.510000,9.41,1100,2,2,377713,,2
2019-01-02 09:31:26.660000,9.42,20000,2,2,377919,,2
2019-01-02 09:31:27.030000,9.4,1000,2,2,378391,,2
2019-01-02 09:31:27.080000,,1800,2,2,373487,,1
2019-01-02 09:31:27.170000,,100,2,2,373619,,1
2019-01-02 09:31:27.170000,9.38,9100,2,2,378581,,2
2019-01-02 09:31:27.650000,,100,2,2,372865,,1
2019-01-02 09:31:27.700000,9.49,700,2,2,379734,,2
2019-01-02 09:31:27.800000,,200,2,2,376319,,1
2019-01-02 09:31:27.840000,9.41,45900,2,2,379998,,2
2019-01-02 09:31:27.880000,9.44,1000,2,2,380102,,2
2019-01-02 09:31:27.890000,9.42,3000,2,2,380115,,2
2019-01-02 09:31:27.930000,9.41,300,1,2,380185,,2
2019-01-02 09:31:28.750000,9.3,3000,1,2,381540,,2
2019-01-02 09:31:28.760000,8.51,400,1,2,381570,,2
2019-01-02 09:31:28.940000,9.41,5500,2,2,381864,,2
2019-01-02 09:31:29.150000,9.55,1000,2,2,382128,,2
2019-01-02 09:31:29.170000,9.35,500,1,2,382149,,2
2019-01-02 09:31:29.180000,9.4,200,2,2,382165,,2
2019-01-02 09:31:29.380000,9.42,1000,2,2,382481,,2
2019-01-02 09:31:29.550000,9.55,1100,2,2,382739,,2
2019-01-02 09:31:29.600000,9.38,200,2,2,382816,,2
2019-01-02 09:31:29.720000,9.4,25000,2,2,383028,,2
2019-01-02 09:31:29.790000,9.46,200,2,2,383123,,2
2019-01-02 09:31:30.040000,9.38,1200,1,2,383413,,2
2019-01-02 09:31:30.250000,9.39,700,1,2,383717,,2
2019-01-02 09:31:30.380000,9.76,2200,2,2,383963,,2
2019-01-02 09:31:30.430000,9.49,10000,2,2,384067,,2
2019-01-02 09:31:30.470000,9.42,2000,2,2,384146,,2
2019-01-02 09:31:30.470000,9.32,50000,1,2,384149,,2
2019-01-02 09:31:30.610000,9.38,1800,1,2,384397,,2
2019-01-02 09:31:30.950000,9.41,2200,2,2,385029,,2
2019-01-02 09:31:30.980000,9.5,1000,2,2,385093,,2
2019-01-02 09:31:31.300000,9.5,1000,2,2,385597,,2
2019-01-02 09:31:31.330000,9.39,300,1,2,385645,,2
2019-01-02 09:31:31.380000,9.1,100,1,2,385776,,2
2019-01-02 09:31:31.410000,9.35,400,1,2,385811,,2
2019-01-02 09:31:31.640000,9.4,3000,2,2,386194,,2
2019-01-02 09:31:31.960000,9.36,10000,2,2,386680,,2
2019-01-02 09:31:32.240000,9.4,2200,1,2,387077,,2
2019-01-02 09:31:32.610000,9.4,700,2,2,387526,,2
2019-01-02 09:31:32.620000,9.4,1100,2,2,387550,,2
2019-01-02 09:31:32.750000,9.4,4000,2,2,387775,,2
2019-01-02 09:31:33.120000,9.41,3000,2,2,388260,,2
2019-01-02 09:31:33.330000,9.47,1000,2,2,388583,,2
2019-01-02 09:31:33.540000,9.48,500,2,2,388972,,2
2019-01-02 09:31:33.570000,,2900,2,2,257479,,1
2019-01-02 09:31:33.770000,9.39,1000,1,2,389494,,2
2019-01-02 09:31:33.830000,9.4,900,2,2,389650,,2
2019-01-02 09:31:33.850000,9.35,1000,1,2,389707,,2
2019-01-02 09:31:33.950000,9.55,100,2,2,389931,,2
2019-01-02 09:31:34.170000,9.38,1300,2,2,390297,,2
2019-01-02 09:31:34.530000,,5500,2,2,381864,,1
2019-01-02 09:31:34.650000,9.34,3000,1,2,391028,,2
2019-01-02 09:31:34.760000,9.29,500,1,2,391207,,2
2019-01-02 09:31:34.800000,9.4,1400,2,2,391261,,2
2019-01-02 09:31:34.890000,,5000,2,2,273217,,1
2019-01-02 09:31:35.060000,,1100,2,2,193731,,1
2019-01-02 09:31:35.860000,9.89,500,2,2,392711,,2
2019-01-02 09:31:36.880000,9.38,100,1,2,394755,,2
2019-01-02 09:31:36.940000,,100,1,2,385776,,1
2019-01-02 09:31:37.070000,9.38,3100,1,2,395127,,2
2019-01-02 09:31:37.140000,9.4,1000,2,2,395277,,2
2019-01-02 09:31:37.190000,9.45,800,2,2,395362,,2
2019-01-02 09:31:37.250000,9.46,500,2,2,395474,,2
2019-01-02 09:31:37.770000,9.38,2000,1,2,396332,,2
2019-01-02 09:31:37.860000,9.38,500,1,2,396446,,2
2019-01-02 09:31:37.880000,9.4,300,1,2,396468,,2
2019-01-02 09:31:38.290000,9.38,500,1,2,396998,,2
2019-01-02 09:31:38.300000,9.36,500,1,2,397003,,2
2019-01-02 09:31:38.410000,9.0,100,1,2,397113,,2
2019-01-02 09:31:38.640000,9.38,1000,1,2,397470,,2
2019-01-02 09:31:38.720000,9.38,100,2,2,397579,,2
2019-01-02 09:31:38.770000,9.42,1000,2,2,397661,,2
2019-01-02 09:31:38.890000,9.39,3600,2,2,397829,,2
2019-01-02 09:31:38.960000,9.41,5300,2,2,397931,,2
2019-01-02 09:31:39.090000,9.4,5500,2,2,398102,,2
2019-01-02 09:31:39.290000,9.37,1000,2,2,398437,,2
2019-01-02 09:31:39.290000,9.39,1800,2,2,398444,,2
2019-01-02 09:31:39.360000,9.36,6500,2,2,398572,,2
2019-01-02 09:31:39.570000,9.39,4000,2,2,398977,,2
2019-01-02 09:31:39.570000,9.37,1600,2,2,398978,,2
2019-01-02 09:31:39.770000,,3000,2,0,109458,,1
2019-01-02 09:31:39.810000,9.36,1000,1,2,399483,,2
2019-01-02 09:31:40.120000,9.38,1100,1,2,400038,,2
2019-01-02 09:31:40.140000,9.39,17200,2,2,400070,,2
2019-01-02 09:31:40.540000,9.38,100,1,2,400684,,2
2019-01-02 09:31:40.550000,9.37,200,2,2,400697,,2
2019-01-02 09:31:40.560000,9.42,1700,2,2,400714,,2
2019-01-02 09:31:41.240000,10.2,500,2,2,401754,,2
2019-01-02 09:31:41.470000,9.37,2100,1,2,402115,,2
2019-01-02 09:31:41.800000,9.49,1000,2,2,402580,,2
2019-01-02 09:31:41.850000,9.68,2500,2,2,402635,,2
2019-01-02 09:31:42.070000,9.38,100,1,2,402967,,2
2019-01-02 09:31:42.180000,9.38,100,2,2,403138,,2
2019-01-02 09:31:42.210000,9.4,100,1,2,403177,,2
2019-01-02 09:31:42.710000,9.37,100,2,2,404207,,2
2019-01-02 09:31:43.500000,9.42,500,2,2,405806,,2
2019-01-02 09:31:43.720000,9.42,600,2,2,406155,,2
2019-01-02 09:31:43.860000,9.38,1000,1,2,406345,,2
2019-01-02 09:31:44.140000,9.4,800,2,2,406781,,2
2019-01-02 09:31:44.450000,9.35,16400,2,2,407325,,2
2019-01-02 09:31:45.270000,9.45,2000,2,2,408712,,2
2019-01-02 09:31:45.460000,9.4,55000,1,2,409097,,2
2019-01-02 09:31:45.770000,9.4,1700,2,2,409821,,2
2019-01-02 09:31:45.900000,9.37,200,1,2,410064,,2
2019-01-02 09:31:46.000000,9.38,5100,2,2,410259,,2
2019-01-02 09:31:46.240000,9.38,1700,2,2,410742,,2
2019-01-02 09:31:46.290000,9.6,10000,2,2,410807,,2
2019-01-02 09:31:46.360000,9.38,5000,1,2,410914,,2
2019-01-02 09:31:46.490000,9.4,3000,2,2,411122,,2
2019-01-02 09:31:46.590000,9.38,2600,1,2,411208,,2
2019-01-02 09:31:46.620000,9.4,5000,2,2,411280,,2
2019-01-02 09:31:46.720000,,3400,1,2,372305,,1
2019-01-02 09:31:46.800000,9.4,100,1,2,411579,,2
2019-01-02 09:31:46.800000,9.38,500,1,2,411583,,2
2019-01-02 09:31:47.170000,9.38,1000,2,2,412112,,2
2019-01-02 09:31:47.260000,9.4,5600,2,2,412233,,2
2019-01-02 09:31:47.450000,9.36,3300,2,2,412503,,2
2019-01-02 09:31:47.460000,9.68,1000,2,2,412509,,2
2019-01-02 09:31:48.020000,9.45,2900,2,2,413352,,2
2019-01-02 09:31:48.680000,,2500,2,1,414744,1,2
2019-01-02 09:31:49.290000,9.39,50300,2,2,416018,,2
2019-01-02 09:31:50.380000,9.4,500,2,2,417758,,2
2019-01-02 09:31:50.720000,9.38,1000,1,2,418202,,2
2019-01-02 09:31:51.030000,9.33,400,1,2,418663,,2
2019-01-02 09:31:51.250000,9.36,200,1,2,419046,,2
2019-01-02 09:31:51.400000,9.37,5000,1,2,419417,,2
2019-01-02 09:31:51.420000,9.38,100,1,2,419524,,2
2019-01-02 09:31:51.610000,9.37,1900,1,2,420014,,2
2019-01-02 09:31:51.680000,9.37,200,2,2,420138,,2
2019-01-02 09:31:51.770000,,1000,2,2,157202,,1
2019-01-02 09:31:51.850000,9.63,300,2,2,420575,,2
2019-01-02 09:31:51.940000,9.41,20000,2,2,420771,,2
2019-01-02 09:31:52.640000,,128200,2,2,232550,,1
2019-01-02 09:31:52.720000,9.39,9700,2,2,422053,,2
2019-01-02 09:31:53.110000,9.4,2700,2,2,422528,,2
2019-01-02 09:31:53.290000,9.4,1900,2,2,422772,,2
2019-01-02 09:31:53.360000,9.37,4100,2,2,422862,,2
2019-01-02 09:31:53.430000,9.43,1000,2,2,423006,,2
2019-01-02 09:31:53.500000,9.4,7300,2,2,423109,,2
2019-01-02 09:31:54.280000,9.36,5000,1,2,424120,,2
2019-01-02 09:31:54.400000,9.37,4600,2,2,424406,,2
2019-01-02 09:31:54.970000,9.45,2000,2,2,425691,,2
2019-01-02 09:31:55.390000,9.48,80000,2,2,426449,,2
2019-01-02 09:31:55.630000,9.38,200,2,2,426849,,2
2019-01-02 09:31:55.890000,9.38,2200,1,2,427233,,2
2019-01-02 09:31:56.320000,9.35,1000,1,2,427809,,2
2019-01-02 09:31:56.970000,9.39,1300,1,2,428849,,2
2019-01-02 09:31:57.580000,9.39,3000,2,2,429793,,2
2019-01-02 09:31:57.910000,9.4,52200,2,2,430396,,2
2019-01-02 09:31:58.770000,9.43,1100,2,2,431715,,2
2019-01-02 09:31:58.820000,9.69,8800,2,2,431801,,2
2019-01-02 09:31:59.040000,9.34,1000,1,2,432089,,2
2019-01-02 09:31:59.510000,9.37,200,1,2,432671,,2
2019-01-02 09:31:59.550000,9.37,10000,1,2,432733,,2
2019-01-02 09:31:59.640000,,500,1,2,161545,,1
2019-01-02 09:32:00.510000,9.49,3000,2,2,434230,,2
2019-01-02 09:32:01.200000,9.38,13700,1,2,435828,,2
2019-01-02 09:32:01.210000,9.39,500,2,2,435844,,2
2019-01-02 09:32:01.720000,9.45,2000,2,2,436951,,2
2019-01-02 09:32:01.840000,9.38,400,1,2,437158,,2
2019-01-02 09:32:02.030000,9.37,2300,2,2,437475,,2
2019-01-02 09:32:02.380000,9.58,14400,1,2,438125,,2
2019-01-02 09:32:02.610000,10.32,200,2,2,438466,,2
2019-01-02 09:32:02.610000,9.37,100,2,2,438470,,2
2019-01-02 09:32:02.960000,9.39,500,1,2,438963,,2
2019-01-02 09:32:03.790000,,1200,1,2,383413,,1
2019-01-02 09:32:03.910000,9.39,1000,2,2,440990,,2
2019-01-02 09:32:04.570000,,2000,1,2,184061,,1
2019-01-02 09:32:04.960000,9.42,3000,2,2,442816,,2
2019-01-02 09:32:05.050000,,100,2,2,288691,,1
2019-01-02 09:32:05.130000,9.35,16400,2,2,443123,,2
2019-01-02 09:32:05.210000,,5000,2,2,377098,,1
2019-01-02 09:32:05.430000,9.39,1500,1,2,443654,,2
2019-01-02 09:32:05.450000,,1000,1,2,427809,,1
2019-01-02 09:32:05.520000,,1400,2,2,391261,,1
2019-01-02 09:32:05.930000,9.39,5000,1,2,444383,,2
2019-01-02 09:32:05.990000,9.35,100,1,2,444462,,2
2019-01-02 09:32:06.080000,,700,2,2,304623,,1
2019-01-02 09:32:07.230000,9.38,600,1,2,446871,,2
2019-01-02 09:32:07.770000,9.2,500,1,2,447675,,2
2019-01-02 09:32:08.430000,9.5,9000,2,2,448480,,2
2019-01-02 09:32:08.560000,9.55,2000,2,2,448628,,2
2019-01-02 09:32:08.580000,9.37,10000,1,2,448654,,2
2019-01-02 09:32:08.740000,,2500,2,2,143425,,1
2019-01-02 09:32:09.170000,9.38,700,2,2,449523,,2
2019-01-02 09:32:09.320000,9.42,5000,2,2,449797,,2
2019-01-02 09:32:09.600000,9.4,50000,2,2,450376,,2
2019-01-02 09:32:10.760000,9.38,2100,1,2,452225,,2
2019-01-02 09:32:11.160000,9.4,400,2,2,452775,,2
2019-01-02 09:32:11.720000,,1000,2,2,243932,,1
2019-01-02 09:32:11.940000,9.37,1600,2,2,453828,,2
2019-01-02 09:32:11.950000,9.38,100000,1,2,453846,,2
2019-01-02 09:32:12.100000,9.46,3200,2,2,454087,,2
2019-01-02 09:32:12.100000,9.42,800,2,2,454092,,2
2019-01-02 09:32:12.130000,,100,1,2,402967,,1
2019-01-02 09:32:12.450000,9.3,5000,2,2,454819,,2
2019-01-02 09:32:13.020000,9.34,2200,1,2,456242,,2
2019-01-02 09:32:13.080000,9.35,400,1,2,456405,,2
2019-01-02 09:32:13.300000,9.41,128200,2,2,456923,,2
2019-01-02 09:32:13.340000,9.37,100,2,2,457002,,2
2019-01-02 09:32:13.560000,9.37,200,2,2,457336,,2
2019-01-02 09:32:13.620000,9.28,2700,1,2,457466,,2
2019-01-02 09:32:14.200000,9.28,1100,1,2,458298,,2
2019-01-02 09:32:14.790000,9.35,1600,1,2,459081,,2
2019-01-02 09:32:14.800000,9.42,1000,2,2,459085,,2
2019-01-02 09:32:15.080000,9.38,100,1,2,459437,,2
2019-01-02 09:32:15.090000,9.57,6100,2,2,459444,,2
2019-01-02 09:32:15.100000,9.64,200,2,2,459458,,2
2019-01-02 09:32:15.290000,10.05,300,2,2,459818,,2
2019-01-02 09:32:15.680000,9.38,600,1,2,460747,,2
2019-01-02 09:32:16.000000,9.4,100,2,2,461381,,2
2019-01-02 09:32:16.060000,9.39,6000,2,2,461523,,2
2019-01-02 09:32:16.920000,9.38,7800,2,2,462672,,2
2019-01-02 09:32:17.540000,9.38,100,1,2,463453,,2
2019-01-02 09:32:17.830000,9.0,3000,1,2,463740,,2
2019-01-02 09:32:18.580000,9.35,500,1,2,464984,,2
2019-01-02 09:32:18.890000,9.43,800,2,2,465750,,2
2019-01-02 09:32:19.210000,9.39,700,2,2,466238,,2
2019-01-02 09:32:19.290000,9.42,1000,2,2,466379,,2
2019-01-02 09:32:20.180000,9.52,3100,2,2,467580,,2
2019-01-02 09:32:20.430000,9.36,10000,2,2,467919,,2
2019-01-02 09:32:20.620000,9.36,10000,1,2,468109,,2
2019-01-02 09:32:20.680000,9.68,1500,2,2,468181,,2
2019-01-02 09:32:20.930000,9.38,12300,2,2,468500,,2
2019-01-02 09:32:21.800000,,900,2,2,253180,,1
2019-01-02 09:32:21.910000,9.39,200,2,2,470327,,2
2019-01-02 09:32:22.890000,9.39,1000,1,2,471954,,2
2019-01-02 09:32:22.960000,9.38,500,1,2,472037,,2
2019-01-02 09:32:23.120000,,5000,2,2,411280,,1
2019-01-02 09:32:23.310000,9.45,7800,2,2,472470,,2
2019-01-02 09:32:23.430000,9.5,1000,2,2,472639,,2
2019-01-02 09:32:23.540000,9.3,1000,1,2,472776,,2
2019-01-02 09:32:24.000000,9.88,1000,2,2,473364,,2
2019-01-02 09:32:24.540000,9.37,200,2,2,474460,,2
2019-01-02 09:32:24.740000,,1000,1,2,276138,,1
2019-01-02 09:32:24.740000,9.85,200,2,2,474911,,2
2019-01-02 09:32:25.570000,9.35,500,1,2,476276,,2
2019-01-02 09:32:25.740000,,1000,1,0,79029,,1
2019-01-02 09:32:26.180000,9.4,2500,2,2,477044,,2
2019-01-02 09:32:26.340000,9.38,500,2,2,477222,,2
2019-01-02 09:32:26.530000,10.32,2000,2,2,477447,,2
2019-01-02 09:32:26.630000,9.68,1000,2,2,477543,,2
2019-01-02 09:32:26.650000,,200,1,2,179375,,1
2019-01-02 09:32:26.650000,9.38,7900,1,2,477575,,2
2019-01-02 09:32:26.660000,9.5,5000,2,2,477588,,2
2019-01-02 09:32:28.340000,9.3,3000,1,2,480659,,2
2019-01-02 09:32:28.420000,9.36,7000,2,2,480776,,2
2019-01-02 09:32:28.640000,9.39,800,1,2,481148,,2
2019-01-02 09:32:29.340000,9.1,1000,1,2,482126,,2
2019-01-02 09:32:29.670000,9.21,300,1,2,482565,,2
2019-01-02 09:32:29.860000,,2700,2,2,422528,,1
2019-01-02 09:32:30.040000,9.36,500,1,2,483071,,2
2019-01-02 09:32:30.350000,,1500,2,0,109002,,1
2019-01-02 09:32:30.550000,9.92,1000,2,2,484094,,2
2019-01-02 09:32:30.730000,9.4,100,1,2,484451,,2
2019-01-02 09:32:31.030000,9.61,1300,2,2,485145,,2
2019-01-02 09:32:31.600000,10.0,100,2,2,486107,,2
2019-01-02 09:32:31.930000,9.26,1000,1,2,486539,,2
2019-01-02 09:32:32.060000,,2000,2,2,157485,,1
2019-01-02 09:32:32.730000,9.39,2000,1,2,487623,,2
2019-01-02 09:32:32.930000,9.5,2500,2,2,487866,,2
2019-01-02 09:32:33.400000,,1500,2,2,203394,,1
2019-01-02 09:32:33.720000,9.38,2600,2,2,489451,,2
2019-01-02 09:32:33.950000,9.38,3200,1,2,489908,,2
2019-01-02 09:32:34.040000,9.39,13600,1,2,490083,,2
2019-01-02 09:32:34.270000,,1500,2,2,227318,,1
2019-01-02 09:32:34.370000,9.39,300,1,2,490656,,2
2019-01-02 09:32:34.620000,9.34,100,1,2,491021,,2
2019-01-02 09:32:34.630000,9.38,1300,1,2,491048,,2
2019-01-02 09:32:34.660000,9.38,1000,1,2,491097,,2
2019-01-02 09:32:35.120000,9.39,5000,2,2,491701,,2
2019-01-02 09:32:35.550000,9.37,200,2,2,492297,,2
2019-01-02 09:32:35.670000,9.35,8200,2,2,492438,,2
2019-01-02 09:32:35.920000,9.3,2900,1,2,492761,,2
2019-01-02 09:32:36.040000,10.28,2000,2,2,492868,,2
2019-01-02 09:32:36.110000,9.38,1100,2,2,492953,,2
2019-01-02 09:32:36.330000,9.39,100,1,2,493372,,2
2019-01-02 09:32:36.690000,9.38,200,1,2,494072,,2
2019-01-02 09:32:36.710000,9.36,2500,2,2,494126,,2
2019-01-02 09:32:36.810000,,7800,2,2,165241,,1
2019-01-02 09:32:37.010000,9.2,1000,1,2,494713,,2
2019-01-02 09:32:37.680000,9.38,500,1,2,495815,,2
2019-01-02 09:32:38.110000,9.38,100,1,2,496382,,2
2019-01-02 09:32:38.830000,,500,1,2,476276,,1
2019-01-02 09:32:40.110000,9.39,20000,1,2,499579,,2
2019-01-02 09:32:40.180000,9.8,100,2,2,499735,,2
2019-01-02 09:32:41.190000,9.5,200,2,2,501106,,2
2019-01-02 09:32:41.260000,9.47,2000,2,2,501257,,2
2019-01-02 09:32:41.300000,9.16,8600,1,2,501339,,2
2019-01-02 09:32:41.400000,,100,1,2,397113,,1
2019-01-02 09:32:41.480000,9.33,5400,1,2,501607,,2
2019-01-02 09:32:41.780000,9.37,300,1,2,501903,,2
2019-01-02 09:32:41.920000,,2000,1,2,159559,,1
2019-01-02 09:32:42.070000,9.37,1000,1,2,502212,,2
2019-01-02 09:32:42.260000,9.47,2000,2,2,502539,,2
2019-01-02 09:32:42.300000,9.37,1700,2,2,502603,,2
2019-01-02 09:32:42.700000,9.39,2400,1,2,503429,,2
2019-01-02 09:32:42.810000,,5000,1,0,78411,,1
2019-01-02 09:32:42.890000,9.39,2000,2,2,503790,,2
2019-01-02 09:32:43.390000,9.39,8700,2,2,504560,,2
2019-01-02 09:32:43.620000,9.08,5000,1,2,504926,,2
2019-01-02 09:32:43.930000,9.38,200,1,2,505361,,2
2019-01-02 09:32:44.060000,9.48,1000,2,2,505512,,2
2019-01-02 09:32:44.520000,9.39,2700,2,2,506161,,2
2019-01-02 09:32:44.530000,9.6,1000,2,2,506174,,2
2019-01-02 09:32:44.850000,9.54,1500,2,2,506664,,2
2019-01-02 09:32:45.110000,,100,1,2,459437,,1
2019-01-02 09:32:45.110000,9.22,200,1,2,507021,,2
2019-01-02 09:32:45.900000,9.39,1500,1,2,508714,,2
2019-01-02 09:32:46.570000,9.37,200,2,2,509838,,2
2019-01-02 09:32:46.870000,9.36,9300,2,2,510387,,2
2019-01-02 09:32:47.090000,,800,2,2,406781,,1
2019-01-02 09:32:47.210000,9.38,800,1,2,510814,,2
2019-01-02 09:32:47.470000,9.49,700,2,2,511168,,2
2019-01-02 09:32:48.070000,9.38,100,1,2,511968,,2
2019-01-02 09:32:48.160000,9.39,200,2,2,512089,,2
2019-01-02 09:32:48.230000,10.32,800,2,2,512233,,2
2019-01-02 09:32:48.370000,9.38,500,1,2,512553,,2
2019-01-02 09:32:48.520000,9.5,100,2,2,512965,,2
2019-01-02 09:32:49.350000,9.37,200,1,2,514641,,2
2019-01-02 09:32:49.810000,9.38,1000,1,2,515323,,2
2019-01-02 09:32:50.070000,9.39,100,1,2,515668,,2
2019-01-02 09:32:50.170000,8.78,10000,1,2,515824,,2
2019-01-02 09:32:50.540000,9.31,2000,1,2,516296,,2
2019-01-02 09:32:50.830000,9.88,11200,2,2,516611,,2
2019-01-02 09:32:51.080000,,18400,2,2,373543,,1
2019-01-02 09:32:52.340000,10.0,100,2,2,519036,,2
2019-01-02 09:32:52.700000,9.39,1600,1,2,519583,,2
2019-01-02 09:32:53.130000,9.36,10000,2,2,520121,,2
2019-01-02 09:32:53.170000,9.63,300,2,2,520171,,2
2019-01-02 09:32:53.290000,9.38,300,2,2,520300,,2
2019-01-02 09:32:54.150000,10.2,500,2,2,521304,,2
2019-01-02 09:32:54.500000,8.9,5600,1,2,522024,,2
2019-01-02 09:32:54.710000,9.35,10000,1,2,522383,,2
2019-01-02 09:32:54.820000,9.38,100,2,2,522587,,2
2019-01-02 09:32:55.500000,9.34,3300,1,2,523725,,2
2019-01-02 09:32:55.530000,9.38,1800,2,2,523769,,2
2019-01-02 09:32:56.350000,9.39,500,1,2,524698,,2
2019-01-02 09:32:56.470000,9.38,400,1,2,524892,,2
2019-01-02 09:32:56.480000,9.3,600,1,2,524900,,2
2019-01-02 09:32:57.140000,9.39,800,2,2,525621,,2
2019-01-02 09:32:57.410000,9.37,200,2,2,526080,,2
2019-01-02 09:32:57.580000,,5900,2,2,195549,,1
2019-01-02 09:32:57.800000,9.38,10000,1,2,526939,,2
2019-01-02 09:32:57.930000,9.39,3000,2,2,527298,,2
2019-01-02 09:32:58.040000,9.2,100,1,2,527507,,2
2019-01-02 09:32:58.040000,9.39,2200,1,2,527508,,2
2019-01-02 09:32:58.100000,9.39,2700,1,2,527618,,2
2019-01-02 09:32:58.250000,9.25,1000,1,2,527913,,2
2019-01-02 09:32:58.340000,,3000,1,0,9933,,1
2019-01-02 09:32:58.720000,9.39,200,1,2,528794,,2
2019-01-02 09:32:58.920000,9.3,3000,1,2,529120,,2
2019-01-02 09:32:58.980000,9.34,5000,1,2,529206,,2
2019-01-02 09:32:58.980000,9.38,500,1,2,529208,,2
2019-01-02 09:32:59.410000,,1000,1,2,197697,,1
2019-01-02 09:32:59.620000,9.39,2200,2,2,530187,,2
2019-01-02 09:32:59.750000,9.42,1900,1,2,530357,,2
2019-01-02 09:33:00.150000,9.7,2500,2,2,531015,,2
2019-01-02 09:33:00.300000,9.39,3000,2,2,531284,,2
2019-01-02 09:33:00.410000,9.36,4300,2,2,531568,,2
2019-01-02 09:33:00.480000,9.39,300,1,2,531715,,2
2019-01-02 09:33:00.540000,9.39,20000,2,2,531878,,2
2019-01-02 09:33:00.780000,9.35,300,1,2,532409,,2
2019-01-02 09:33:00.840000,10.32,2000,2,2,532513,,2
2019-01-02 09:33:01.120000,,20000,2,2,420771,,1
2019-01-02 09:33:01.480000,9.38,3700,1,2,533833,,2
2019-01-02 09:33:02.080000,,3000,2,2,144058,,1
2019-01-02 09:33:02.240000,,1900,2,2,422772,,1
2019-01-02 09:33:02.650000,9.38,2000,1,2,535424,,2
2019-01-02 09:33:03.280000,9.39,1200,2,2,536289,,2
2019-01-02 09:33:03.320000,,200,1,2,514641,,1
2019-01-02 09:33:03.440000,9.42,185000,2,2,536646,,2
2019-01-02 09:33:03.590000,9.39,400,1,2,536957,,2
2019-01-02 09:33:03.940000,9.49,1000,2,2,537822,,2
2019-01-02 09:33:04.110000,9.9,700,2,2,538107,,2
2019-01-02 09:33:04.190000,9.39,8200,2,2,538213,,2
2019-01-02 09:33:05.020000,,2500,2,0,9934,,1
2019-01-02 09:33:05.080000,9.39,100,1,2,539633,,2
2019-01-02 09:33:05.430000,,1100,2,2,431715,,1
2019-01-02 09:33:05.700000,9.56,2200,2,2,540491,,2
2019-01-02 09:33:06.550000,9.38,400,2,2,542056,,2
2019-01-02 09:33:06.660000,9.45,1000,2,2,542296,,2
2019-01-02 09:33:06.830000,9.39,500,2,2,542696,,2
2019-01-02 09:33:07.830000,9.51,500,2,2,544594,,2
2019-01-02 09:33:07.970000,9.39,3000,2,2,544846,,2
2019-01-02 09:33:08.160000,10.3,600,2,2,545156,,2
2019-01-02 09:33:08.450000,9.37,200,2,2,545637,,2
2019-01-02 09:33:08.480000,9.36,3500,2,2,545676,,2
2019-01-02 09:33:08.590000,9.39,1900,1,2,545788,,2
2019-01-02 09:33:08.800000,9.35,1000,1,2,546039,,2
2019-01-02 09:33:09.470000,,1000,1,2,494713,,1
2019-01-02 09:33:09.720000,9.35,500,1,2,547877,,2
2019-01-02 09:33:10.070000,9.39,10000,1,2,548636,,2
2019-01-02 09:33:10.520000,9.39,8500,2,2,549450,,2
2019-01-02 09:33:11.280000,9.39,300,1,2,550342,,2
2019-01-02 09:33:11.420000,9.38,1100,2,2,550504,,2
2019-01-02 09:33:11.630000,10.32,200,2,2,550816,,2
2019-01-02 09:33:11.630000,9.38,1000,2,2,550825,,2
2019-01-02 09:33:11.690000,9.87,1700,2,2,550922,,2
2019-01-02 09:33:12.210000,9.38,1000,2,2,551660,,2
2019-01-02 09:33:12.410000,9.37,1600,1,2,552057,,2
2019-01-02 09:33:12.690000,9.39,3000,1,2,552605,,2
2019-01-02 09:33:13.350000,9.39,7800,1,2,553759,,2
2019-01-02 09:33:13.380000,9.52,1000,2,2,553821,,2
2019-01-02 09:33:13.850000,9.36,5000,1,2,554348,,2
2019-01-02 09:33:14.470000,10.1,600,2,2,555220,,2
2019-01-02 09:33:14.720000,9.38,10000,1,2,555518,,2
2019-01-02 09:33:14.960000,9.38,2000,1,2,555764,,2
2019-01-02 09:33:15.130000,10.05,1000,2,2,556019,,2
2019-01-02 09:33:15.560000,9.39,7800,2,2,556871,,2
2019-01-02 09:33:15.570000,9.39,4000,1,2,556890,,2
2019-01-02 09:33:15.980000,9.38,1000,1,2,557749,,2
2019-01-02 09:33:16.100000,9.39,300,1,2,558031,,2
2019-01-02 09:33:16.300000,9.39,900,2,2,558306,,2
2019-01-02 09:33:16.330000,9.36,2000,2,2,558336,,2
2019-01-02 09:33:16.440000,9.39,1000,1,2,558470,,2
2019-01-02 09:33:17.050000,9.36,1000,1,2,559263,,2
2019-01-02 09:33:17.380000,9.31,1700,1,2,559670,,2
2019-01-02 09:33:17.900000,9.58,5000,2,2,560406,,2
2019-01-02 09:33:18.080000,,100,1,2,511968,,1
2019-01-02 09:33:18.150000,,2500,2,1,560763,1,2
2019-01-02 09:33:18.650000,9.6,1000,2,2,561934,,2
2019-01-02 09:33:19.030000,,500,1,2,472037,,1
2019-01-02 09:33:19.490000,9.36,3000,1,2,563516,,2
2019-01-02 09:33:19.510000,9.37,100,2,2,563558,,2
2019-01-02 09:33:19.780000,9.45,111700,2,2,564086,,2
2019-01-02 09:33:19.940000,9.41,1100,2,2,564343,,2
2019-01-02 09:33:20.160000,9.38,2800,1,2,564658,,2
2019-01-02 09:33:20.420000,9.38,300,1,2,565090,,2
2019-01-02 09:33:20.700000,9.38,600,1,2,565551,,2
2019-01-02 09:33:21.070000,9.38,200,1,2,566131,,2
2019-01-02 09:33:21.280000,9.42,1100,2,2,566621,,2
2019-01-02 09:33:21.510000,,2100,1,2,402115,,1
2019-01-02 09:33:22.030000,,45900,2,2,379998,,1
2019-01-02 09:33:22.350000,9.39,1000,1,2,568718,,2
2019-01-02 09:33:22.530000,9.38,700,1,2,568987,,2
2019-01-02 09:33:22.580000,9.32,5000,1,2,569068,,2
2019-01-02 09:33:22.740000,,500,2,2,387526,,1
2019-01-02 09:33:22.820000,9.48,500,2,2,569382,,2
2019-01-02 09:33:22.960000,9.38,1000,1,2,569533,,2
2019-01-02 09:33:23.470000,9.19,800,2,2,570107,,2
2019-01-02 09:33:23.590000,,70500,2,0,49118,,1
2019-01-02 09:33:23.830000,9.68,1000,2,2,570620,,2
2019-01-02 09:33:24.320000,9.39,200,2,2,571295,,2
2019-01-02 09:33:24.700000,9.0,200,1,2,572081,,2
2019-01-02 09:33:24.830000,9.36,1400,1,2,572321,,2
2019-01-02 09:33:25.540000,9.38,2100,2,2,573530,,2
2019-01-02 09:33:25.660000,9.36,7200,2,2,573692,,2
2019-01-02 09:33:26.570000,10.3,500,2,2,574935,,2
2019-01-02 09:33:27.020000,9.48,800,2,2,575433,,2
2019-01-02 09:33:27.740000,9.35,8200,2,2,576548,,2
2019-01-02 09:33:28.110000,9.32,7500,1,2,577194,,2
2019-01-02 09:33:28.500000,,3700,1,2,533833,,1
2019-01-02 09:33:28.650000,9.39,1000,2,2,577924,,2
2019-01-02 09:33:29.150000,9.38,800,2,2,578459,,2
2019-01-02 09:33:29.250000,9.38,500,2,2,578592,,2
2019-01-02 09:33:29.420000,9.39,500,1,2,578806,,2
2019-01-02 09:33:29.850000,9.38,1100,2,2,579257,,2
2019-01-02 09:33:29.870000,9.38,6800,2,2,579268,,2
2019-01-02 09:33:30.140000,9.38,1300,2,2,579622,,2
2019-01-02 09:33:30.220000,9.38,600,2,2,579740,,2
2019-01-02 09:33:30.300000,9.38,1100,2,2,579844,,2
2019-01-02 09:33:30.440000,9.38,1200,2,2,580098,,2
2019-01-02 09:33:30.500000,9.38,600,2,2,580205,,2
2019-01-02 09:33:30.550000,9.41,3200,2,2,580267,,2
2019-01-02 09:33:30.560000,9.37,200,2,2,580282,,2
2019-01-02 09:33:30.610000,9.38,1000,2,2,580344,,2
2019-01-02 09:33:30.630000,9.38,600,2,2,580372,,2
2019-01-02 09:33:30.650000,9.38,1000,2,2,580410,,2
2019-01-02 09:33:30.840000,9.38,400,2,2,580707,,2
2019-01-02 09:33:30.930000,9.38,3600,2,2,580815,,2
2019-01-02 09:33:31.290000,9.38,10000,1,2,581531,,2
2019-01-02 09:33:31.350000,9.38,200,2,2,581629,,2
2019-01-02 09:33:31.390000,9.38,2600,2,2,581693,,2
2019-01-02 09:33:31.460000,9.48,2000,2,2,581820,,2
2019-01-02 09:33:32.360000,9.39,900,1,2,583403,,2
2019-01-02 09:33:32.460000,9.3,1300,1,2,583607,,2
2019-01-02 09:33:32.500000,9.38,4200,2,2,583684,,2
2019-01-02 09:33:32.590000,9.38,4200,2,2,583849,,2
2019-01-02 09:33:32.750000,,3000,2,2,380115,,1
2019-01-02 09:33:33.010000,9.36,3600,2,2,584596,,2
2019-01-02 09:33:33.170000,9.42,1000,2,2,584849,,2
2019-01-02 09:33:33.180000,9.1,200,1,2,584878,,2
2019-01-02 09:33:33.180000,9.38,3000,1,2,584884,,2
2019-01-02 09:33:33.430000,9.38,500,2,2,585425,,2
2019-01-02 09:33:33.470000,9.38,600,2,2,585573,,2
2019-01-02 09:33:33.960000,9.38,500,2,2,586522,,2
2019-01-02 09:33:33.980000,9.38,1900,2,2,586550,,2
2019-01-02 09:33:34.050000,9.37,1000,1,2,586666,,2
2019-01-02 09:33:34.390000,9.38,6300,2,2,587248,,2
2019-01-02 09:33:34.540000,9.38,700,2,2,587579,,2
2019-01-02 09:33:34.550000,9.38,500,2,2,587586,,2
2019-01-02 09:33:34.560000,9.38,800,2,2,587627,,2
2019-01-02 09:33:34.620000,9.38,36700,2,2,587741,,2
2019-01-02 09:33:34.790000,9.39,20700,2,2,588069,,2
2019-01-02 09:33:34.860000,,2500,2,1,588162,1,2
2019-01-02 09:33:34.990000,9.38,200,2,2,588358,,2
2019-01-02 09:33:35.020000,9.38,400,2,2,588394,,2
2019-01-02 09:33:35.050000,9.38,500,2,2,588450,,2
2019-01-02 09:33:35.060000,9.38,300,2,2,588471,,2
2019-01-02 09:33:35.140000,9.38,900,2,2,588572,,2
2019-01-02 09:33:35.190000,9.38,6000,2,2,588630,,2
2019-01-02 09:33:35.210000,9.38,1000,2,2,588661,,2
2019-01-02 09:33:35.290000,9.38,100,1,2,588762,,2
2019-01-02 09:33:35.520000,9.38,1100,2,2,589165,,2
2019-01-02 09:33:35.530000,9.38,1200,2,2,589186,,2
2019-01-02 09:33:35.620000,9.38,1000,2,2,589386,,2
2019-01-02 09:33:35.680000,9.56,100,2,2,589464,,2
2019-01-02 09:33:35.700000,9.38,400,2,2,589479,,2
2019-01-02 09:33:35.790000,9.38,400,2,2,589630,,2
2019-01-02 09:33:35.810000,9.38,200,2,2,589648,,2
2019-01-02 09:33:35.930000,9.39,500,1,2,589827,,2
2019-01-02 09:33:35.970000,9.35,1000,1,2,589869,,2
2019-01-02 09:33:36.010000,9.38,500,2,2,589929,,2
2019-01-02 09:33:36.030000,9.39,300,1,2,589955,,2
2019-01-02 09:33:36.060000,9.38,1400,2,2,590014,,2
2019-01-02 09:33:36.060000,9.38,1000,2,2,590019,,2
2019-01-02 09:33:36.090000,9.38,1200,2,2,590060,,2
2019-01-02 09:33:36.110000,,500,1,2,212332,,1
2019-01-02 09:33:36.120000,9.38,1200,2,2,590137,,2
2019-01-02 09:33:36.150000,,200,2,2,588358,,1
2019-01-02 09:33:36.150000,,1400,2,2,590014,,1
2019-01-02 09:33:36.150000,9.37,2700,2,2,590201,,2
2019-01-02 09:33:36.160000,,1100,2,2,589165,,1
2019-01-02 09:33:36.160000,9.37,2200,2,2,590217,,2
2019-01-02 09:33:36.160000,9.37,400,2,2,590225,,2
2019-01-02 09:33:36.170000,,400,2,2,588394,,1
2019-01-02 09:33:36.180000,,1200,2,2,589186,,1
2019-01-02 09:33:36.230000,,500,2,2,588450,,1
2019-01-02 09:33:36.230000,,300,2,2,588471,,1
2019-01-02 09:33:36.230000,,1000,2,2,589386,,1
2019-01-02 09:33:36.230000,,200,2,2,589648,,1
2019-01-02 09:33:36.270000,9.37,6800,2,2,590474,,2
2019-01-02 09:33:36.280000,9.37,5900,2,2,590524,,2
2019-01-02 09:33:36.490000,9.37,5900,2,2,591040,,2
2019-01-02 09:33:36.530000,10.3,2000,2,2,591128,,2
2019-01-02 09:33:36.540000,9.34,2100,2,2,591133,,2
2019-01-02 09:33:36.840000,9.38,1000,2,2,591957,,2
2019-01-02 09:33:36.910000,9.38,1600,2,2,592165,,2
2019-01-02 09:33:36.960000,9.38,1000,2,2,592310,,2
2019-01-02 09:33:36.980000,9.37,1600,2,2,592367,,2
2019-01-02 09:33:37.070000,9.37,1100,2,2,592586,,2
2019-01-02 09:33:37.230000,9.37,4700,2,2,592870,,2
2019-01-02 09:33:37.260000,9.37,1000,2,2,592944,,2
2019-01-02 09:33:37.280000,,2500,2,1,592991,1,2
2019-01-02 09:33:37.560000,9.37,84700,2,2,593457,,2
2019-01-02 09:33:37.840000,9.37,1500,2,2,593944,,2
2019-01-02 09:33:37.970000,9.36,200,1,2,594188,,2
2019-01-02 09:33:38.010000,9.38,1000,1,2,594257,,2
2019-01-02 09:33:38.330000,9.37,1700,2,2,594822,,2
2019-01-02 09:33:38.380000,,2500,2,1,594929,1,2
2019-01-02 09:33:38.970000,9.37,5400,2,2,595893,,2
2019-01-02 09:33:39.150000,9.36,9000,2,2,596137,,2
2019-01-02 09:33:39.180000,9.36,6700,2,2,596183,,2
2019-01-02 09:33:39.190000,,1000,2,2,590019,,1
2019-01-02 09:33:39.200000,9.36,7700,2,2,596223,,2
2019-01-02 09:33:39.220000,9.36,15400,2,2,596267,,2
2019-01-02 09:33:39.290000,9.36,14600,2,2,596413,,2
2019-01-02 09:33:39.370000,9.37,1600,2,2,596683,,2
2019-01-02 09:33:39.580000,9.36,1000,2,2,597132,,2
2019-01-02 09:33:39.660000,9.37,1100,2,2,597264,,2
2019-01-02 09:33:39.670000,9.35,2100,2,2,597294,,2
2019-01-02 09:33:39.830000,9.39,8100,2,2,597719,,2
2019-01-02 09:33:39.860000,9.37,600,2,2,597819,,2
2019-01-02 09:33:39.900000,9.37,2100,2,2,597895,,2
2019-01-02 09:33:40.160000,9.36,100,2,2,598460,,2
2019-01-02 09:33:40.170000,9.36,1600,2,2,598469,,2
2019-01-02 09:33:40.380000,9.39,400,1,2,598774,,2
2019-01-02 09:33:40.390000,9.5,1000,2,2,598782,,2
2019-01-02 09:33:40.420000,9.45,4500,2,2,598838,,2
2019-01-02 09:33:40.450000,9.35,10000,2,2,598941,,2
2019-01-02 09:33:40.470000,9.34,900,2,2,598983,,2
2019-01-02 09:33:40.470000,9.36,12200,1,2,598989,,2
2019-01-02 09:33:40.470000,9.36,8000,2,2,598996,,2
2019-01-02 09:33:40.540000,9.38,900,1,2,599154,,2
2019-01-02 09:33:40.580000,9.36,600,2,2,599200,,2
2019-01-02 09:33:40.650000,9.5,5900,2,2,599294,,2
2019-01-02 09:33:40.890000,8.44,2100,2,2,599647,,2
2019-01-02 09:33:40.930000,9.38,5300,2,2,599778,,2
2019-01-02 09:33:41.300000,9.39,4100,1,2,600408,,2
2019-01-02 09:33:41.370000,9.38,100,1,2,600506,,2
2019-01-02 09:33:41.510000,9.36,2400,2,2,600698,,2
2019-01-02 09:33:41.650000,9.35,200,2,2,600881,,2
2019-01-02 09:33:41.730000,9.39,1000,2,2,600990,,2
2019-01-02 09:33:41.770000,9.36,16600,2,2,601027,,2
2019-01-02 09:33:41.780000,9.38,300,2,2,601043,,2
2019-01-02 09:33:41.880000,9.39,400,1,2,601184,,2
2019-01-02 09:33:42.330000,9.36,1600,2,2,602044,,2
2019-01-02 09:33:42.440000,9.36,2600,2,2,602314,,2
2019-01-02 09:33:42.460000,9.36,20500,2,2,602443,,2
2019-01-02 09:33:42.600000,9.38,300,1,2,602755,,2
2019-01-02 09:33:42.600000,9.36,1200,2,2,602758,,2
2019-01-02 09:33:42.720000,9.2,200,1,2,603076,,2
2019-01-02 09:33:42.840000,9.33,1000,1,2,603383,,2
2019-01-02 09:33:42.970000,9.36,4300,2,2,603674,,2
2019-01-02 09:33:43.080000,9.36,22200,2,2,603852,,2
2019-01-02 09:33:43.240000,9.39,500,1,2,604162,,2
2019-01-02 09:33:43.280000,8.58,1500,1,2,604198,,2
2019-01-02 09:33:43.430000,9.36,900,2,2,604422,,2
2019-01-02 09:33:43.700000,9.35,900,2,2,604864,,2
2019-01-02 09:33:44.080000,9.38,20000,2,2,605356,,2
2019-01-02 09:33:44.400000,10.1,1000,2,2,605702,,2
2019-01-02 09:33:44.660000,9.36,100,2,2,606060,,2
2019-01-02 09:33:44.920000,9.36,200,2,2,606401,,2
2019-01-02 09:33:45.010000,9.3,200,1,2,606532,,2
2019-01-02 09:33:45.200000,9.36,900,2,2,606844,,2
2019-01-02 09:33:45.350000,9.35,18600,2,2,607137,,2
2019-01-02 09:33:45.530000,9.36,1600,2,2,607618,,2
2019-01-02 09:33:45.530000,9.36,95700,2,2,607633,,2
2019-01-02 09:33:45.570000,9.36,6100,2,2,607743,,2
2019-01-02 09:33:45.740000,9.36,4500,2,2,608067,,2
2019-01-02 09:33:45.780000,,1000,2,2,588661,,1
2019-01-02 09:33:45.780000,,400,2,2,589479,,1
2019-01-02 09:33:45.780000,,400,2,2,589630,,1
2019-01-02 09:33:45.780000,,1000,2,2,592310,,1
2019-01-02 09:33:45.780000,,1500,2,2,593944,,1
2019-01-02 09:33:45.810000,9.3,1000,1,2,608197,,2
2019-01-02 09:33:46.090000,9.35,500000,2,2,608791,,2
2019-01-02 09:33:46.100000,9.36,2300,2,2,608858,,2
2019-01-02 09:33:46.180000,9.34,4400,2,2,608970,,2
2019-01-02 09:33:46.180000,9.34,1000,2,2,608976,,2
2019-01-02 09:33:46.260000,9.36,13700,2,2,609109,,2
2019-01-02 09:33:46.650000,9.36,1100,2,2,609959,,2
2019-01-02 09:33:47.130000,10.32,3800,2,2,610588,,2
2019-01-02 09:33:47.310000,9.37,20000,2,2,610820,,2
2019-01-02 09:33:47.580000,9.58,70500,2,2,611166,,2
2019-01-02 09:33:47.880000,9.36,2300,1,2,611489,,2
2019-01-02 09:33:48.020000,9.37,1000,2,2,611692,,2
2019-01-02 09:33:48.150000,9.36,600,2,2,611897,,2
2019-01-02 09:33:48.200000,,6100,2,2,607743,,1
2019-01-02 09:33:48.300000,9.35,24200,2,2,612205,,2
2019-01-02 09:33:48.390000,9.34,10000,2,2,612447,,2
2019-01-02 09:33:48.410000,9.34,45300,2,2,612484,,2
2019-01-02 09:33:48.440000,,1000,2,2,591957,,1
2019-01-02 09:33:48.440000,9.34,2100,2,2,612559,,2
2019-01-02 09:33:48.470000,,1200,2,2,590137,,1
2019-01-02 09:33:48.470000,,600,2,2,597819,,1
2019-01-02 09:33:48.520000,9.34,5400,2,2,612745,,2
2019-01-02 09:33:48.700000,9.34,200,2,2,613252,,2
2019-01-02 09:33:48.720000,9.34,5700,2,2,613318,,2
2019-01-02 09:33:49.410000,9.35,100,1,2,614538,,2
2019-01-02 09:33:49.520000,9.37,5300,1,2,614733,,2
2019-01-02 09:33:49.550000,9.33,10500,2,2,614774,,2
2019-01-02 09:33:49.550000,9.33,700,2,2,614783,,2
2019-01-02 09:33:49.580000,9.21,2000,1,2,614828,,2
2019-01-02 09:33:49.660000,9.34,1300,2,2,615002,,2
2019-01-02 09:33:49.770000,9.37,71000,1,2,615167,,2
2019-01-02 09:33:50.190000,9.52,400,2,2,615803,,2
2019-01-02 09:33:50.260000,9.3,100,1,2,615888,,2
2019-01-02 09:33:50.490000,9.33,900,2,2,616138,,2
2019-01-02 09:33:50.840000,9.33,500,1,2,616672,,2
2019-01-02 09:33:51.330000,9.38,1000,2,2,617683,,2
2019-01-02 09:33:51.420000,,1200,2,2,590060,,1
2019-01-02 09:33:51.420000,,4500,2,2,608067,,1
2019-01-02 09:33:51.450000,,900,2,2,588572,,1
2019-01-02 09:33:51.450000,,2300,2,2,608858,,1
2019-01-02 09:33:51.450000,,1100,2,2,609959,,1
2019-01-02 09:33:51.510000,9.33,1600,2,2,618094,,2
2019-01-02 09:33:51.520000,,5400,2,2,595893,,1
2019-01-02 09:33:51.520000,,1100,2,2,597264,,1
2019-01-02 09:33:51.530000,,2100,2,2,597895,,1
2019-01-02 09:33:51.530000,,13700,2,2,609109,,1
2019-01-02 09:33:51.530000,9.33,700,2,2,618140,,2
2019-01-02 09:33:51.530000,9.36,900,2,2,618156,,2
2019-01-02 09:33:51.700000,9.34,700,2,2,618499,,2
2019-01-02 09:33:51.750000,9.33,1500,2,2,618632,,2
2019-01-02 09:33:51.820000,9.33,600,2,2,618791,,2
2019-01-02 09:33:52.670000,9.32,200,2,2,620281,,2
2019-01-02 09:33:53.260000,,300,2,2,601043,,1
2019-01-02 09:33:53.450000,10.25,1000,2,2,621540,,2
2019-01-02 09:33:53.990000,,1000,2,2,284807,,1
2019-01-02 09:33:54.530000,9.33,700,2,2,623344,,2
2019-01-02 09:33:54.550000,9.33,2000,2,2,623391,,2
2019-01-02 09:33:54.780000,9.33,500,2,2,623858,,2
2019-01-02 09:33:54.840000,9.33,600,2,2,623988,,2
2019-01-02 09:33:55.010000,9.42,500,2,2,624293,,2
2019-01-02 09:33:55.040000,9.36,500,1,2,624354,,2
2019-01-02 09:33:55.190000,,900,2,2,618156,,1
2019-01-02 09:33:55.330000,9.35,1600,1,2,624768,,2
2019-01-02 09:33:55.520000,9.33,300,2,2,625107,,2
2019-01-02 09:33:55.530000,,7500,2,2,587741,,1
2019-01-02 09:33:55.560000,9.33,200,2,2,625195,,2
2019-01-02 09:33:55.830000,,10500,1,2,328540,,1
2019-01-02 09:33:56.070000,9.33,300,2,2,625827,,2
2019-01-02 09:33:56.250000,9.34,5000,1,2,626041,,2
2019-01-02 09:33:57.020000,,8500,2,2,549450,,1
2019-01-02 09:33:57.090000,,5000,1,2,569068,,1
2019-01-02 09:33:57.100000,9.32,1800,2,2,627052,,2
2019-01-02 09:33:57.160000,9.31,6500,2,2,627133,,2
2019-01-02 09:33:57.300000,9.34,5000,2,2,627385,,2
2019-01-02 09:33:57.350000,9.34,5000,2,2,627476,,2
2019-01-02 09:33:57.450000,9.34,400,2,2,627726,,2
2019-01-02 09:33:57.520000,8.92,600,1,2,627897,,2
2019-01-02 09:33:57.830000,9.52,4233,2,2,628529,,2
2019-01-02 09:33:57.870000,9.33,500,2,2,628615,,2
2019-01-02 09:33:58.290000,,5000,2,2,627385,,1
2019-01-02 09:33:58.360000,,1700,1,2,559670,,1
2019-01-02 09:33:58.690000,9.01,1000,1,2,630049,,2
2019-01-02 09:33:58.820000,9.34,3000,1,2,630264,,2
2019-01-02 09:33:58.850000,,200,1,0,100014,,1
2019-01-02 09:33:59.010000,8.44,2100,2,2,630562,,2
2019-01-02 09:33:59.100000,9.33,100,1,2,630798,,2
2019-01-02 09:33:59.160000,9.34,400,2,2,630948,,2
2019-01-02 09:33:59.430000,9.28,3000,1,2,631265,,2
2019-01-02 09:33:59.690000,,100,1,0,60714,,1
2019-01-02 09:33:59.720000,9.33,500,1,2,631631,,2
2019-01-02 09:33:59.760000,9.33,1400,2,2,631698,,2
2019-01-02 09:33:59.980000,,1000,2,2,577924,,1
2019-01-02 09:34:00.100000,9.34,300,1,2,632266,,2
2019-01-02 09:34:00.180000,,400,2,2,627726,,1
2019-01-02 09:34:00.360000,,400,2,2,630948,,1
2019-01-02 09:34:00.470000,9.33,7800,2,2,633056,,2
2019-01-02 09:34:00.770000,9.33,100,2,2,633573,,2
2019-01-02 09:34:00.780000,9.8,800,2,2,633582,,2
2019-01-02 09:34:00.850000,9.32,3200,1,2,633714,,2
2019-01-02 09:34:01.060000,,2000,2,2,308776,,1
2019-01-02 09:34:01.310000,9.3,200,1,2,634746,,2
2019-01-02 09:34:01.580000,9.1,300,1,2,635258,,2
2019-01-02 09:34:02.300000,9.33,1100,1,2,636438,,2
2019-01-02 09:34:02.490000,9.33,70000,1,2,636665,,2
2019-01-02 09:34:02.600000,9.33,1000,1,2,636853,,2
2019-01-02 09:34:02.690000,9.35,100,1,2,636957,,2
2019-01-02 09:34:03.330000,,24200,2,2,612205,,1
2019-01-02 09:34:03.440000,,1000,1,2,527913,,1
2019-01-02 09:34:03.490000,9.33,400,2,2,638528,,2
2019-01-02 09:34:03.660000,9.33,1000,1,2,638880,,2
2019-01-02 09:34:03.760000,9.39,400,2,2,639127,,2
2019-01-02 09:34:03.840000,9.5,500,2,2,639320,,2
2019-01-02 09:34:03.980000,9.38,1000,2,2,639668,,2
2019-01-02 09:34:04.170000,,500,1,2,138777,,1
2019-01-02 09:34:04.210000,9.53,1000,2,2,640094,,2
2019-01-02 09:34:04.350000,9.32,1000,1,2,640356,,2
2019-01-02 09:34:04.400000,9.29,900,1,2,640446,,2
2019-01-02 09:34:04.470000,9.32,100,2,2,640576,,2
2019-01-02 09:34:04.630000,10.2,1000,2,2,640852,,2
2019-01-02 09:34:04.830000,9.99,400,2,2,641256,,2
2019-01-02 09:34:04.870000,9.3,900,2,2,641320,,2
2019-01-02 09:34:04.890000,9.31,5000,2,2,641354,,2
2019-01-02 09:34:04.910000,9.75,1900,2,2,641387,,2
2019-01-02 09:34:04.940000,9.31,1400,1,2,641423,,2
2019-01-02 09:34:05.140000,9.31,4000,1,2,641827,,2
2019-01-02 09:34:05.160000,9.03,2000,1,2,641846,,2
2019-01-02 09:34:05.280000,9.35,400,1,2,642050,,2
2019-01-02 09:34:05.390000,9.3,3200,1,2,642223,,2
2019-01-02 09:34:05.500000,8.75,5000,1,2,642406,,2
2019-01-02 09:34:05.720000,9.33,1000,1,2,642744,,2
2019-01-02 09:34:05.740000,9.33,100,1,2,642783,,2
2019-01-02 09:34:05.960000,9.5,46200,2,2,643104,,2
2019-01-02 09:34:06.130000,,1700,2,2,409821,,1
2019-01-02 09:34:06.300000,9.34,600,1,2,643628,,2
2019-01-02 09:34:06.970000,9.32,500,2,2,645121,,2
2019-01-02 09:34:07.060000,9.33,2000,1,2,645289,,2
2019-01-02 09:34:07.200000,9.33,2000,1,2,645520,,2
2019-01-02 09:34:07.280000,,313500,2,2,608791,,1
2019-01-02 09:34:07.390000,9.35,800,1,2,645823,,2
2019-01-02 09:34:07.530000,9.67,600,2,2,646041,,2
2019-01-02 09:34:07.960000,9.18,2200,1,2,646597,,2
2019-01-02 09:34:08.310000,,2900,2,2,413352,,1
2019-01-02 09:34:08.320000,9.34,10000,1,2,647038,,2
2019-01-02 09:34:08.490000,9.33,17500,1,2,647233,,2
2019-01-02 09:34:08.580000,9.33,5000,1,2,647309,,2
2019-01-02 09:34:09.150000,9.36,100,2,2,647988,,2
2019-01-02 09:34:09.160000,,1100,2,2,387550,,1
2019-01-02 09:34:09.850000,9.39,5600,2,2,649338,,2
2019-01-02 09:34:09.920000,9.3,700,1,2,649582,,2
2019-01-02 09:34:10.060000,9.34,5000,1,2,649878,,2
2019-01-02 09:34:10.180000,9.33,300,2,2,650056,,2
2019-01-02 09:34:10.570000,9.3,500,1,2,650591,,2
2019-01-02 09:34:10.620000,9.32,1700,2,2,650665,,2
2019-01-02 09:34:10.620000,9.35,500,1,2,650687,,2
2019-01-02 09:34:10.890000,,20000,2,2,610820,,1
2019-01-02 09:34:11.080000,9.34,6200,1,2,651275,,2
2019-01-02 09:34:11.140000,9.59,1600,2,2,651334,,2
2019-01-02 09:34:11.250000,9.33,1000,1,2,651468,,2
2019-01-02 09:34:11.620000,9.34,1400,1,2,651957,,2
2019-01-02 09:34:11.650000,9.33,200,1,2,651999,,2
2019-01-02 09:34:11.670000,9.25,2500,1,2,652022,,2
2019-01-02 09:34:11.800000,9.33,10000,1,2,652163,,2
2019-01-02 09:34:12.130000,9.31,1100,1,2,652646,,2
2019-01-02 09:34:12.520000,9.32,4000,1,2,653342,,2
2019-01-02 09:34:12.520000,9.35,3000,1,2,653347,,2
2019-01-02 09:34:12.600000,9.4,2000,2,2,653540,,2
2019-01-02 09:34:12.780000,9.63,500,2,2,653828,,2
2019-01-02 09:34:12.800000,9.46,700,2,2,653886,,2
2019-01-02 09:34:13.080000,9.3,3000,1,2,654411,,2
2019-01-02 09:34:13.290000,9.43,1000,2,2,654698,,2
2019-01-02 09:34:14.100000,10.25,1000,2,2,655701,,2
2019-01-02 09:34:14.650000,9.34,100,1,2,656262,,2
2019-01-02 09:34:14.730000,9.33,1000,1,2,656439,,2
2019-01-02 09:34:14.900000,9.39,3000,1,2,656747,,2
2019-01-02 09:34:15.040000,9.35,7500,2,2,656955,,2
2019-01-02 09:34:15.070000,,500,2,2,589929,,1
2019-01-02 09:34:15.150000,9.35,200,2,2,657143,,2
2019-01-02 09:34:15.310000,9.35,200,2,2,657399,,2
2019-01-02 09:34:15.310000,9.35,200,2,2,657400,,2
2019-01-02 09:34:15.330000,9.33,1600,2,2,657459,,2
2019-01-02 09:34:15.500000,9.35,200,2,2,657832,,2
2019-01-02 09:34:15.550000,9.34,200,2,2,657932,,2
2019-01-02 09:34:15.800000,9.34,1000,1,2,658457,,2
2019-01-02 09:34:16.000000,9.34,1100,2,2,658857,,2
2019-01-02 09:34:16.350000,9.32,1200,1,2,659461,,2
2019-01-02 09:34:16.650000,9.34,3000,1,2,659976,,2
2019-01-02 09:34:16.720000,9.31,1000,1,2,660055,,2
2019-01-02 09:34:16.880000,9.02,3000,1,2,660277,,2
2019-01-02 09:34:17.660000,,600,2,2,179670,,1
2019-01-02 09:34:17.890000,9.36,47700,1,2,661622,,2
2019-01-02 09:34:18.170000,9.36,2000,2,2,661972,,2
2019-01-02 09:34:18.230000,9.36,3000,2,2,662059,,2
2019-01-02 09:34:18.240000,9.36,2900,2,2,662078,,2
2019-01-02 09:34:18.480000,9.36,3100,2,2,662504,,2
2019-01-02 09:34:18.480000,9.34,23000,1,2,662530,,2
2019-01-02 09:34:18.940000,9.33,100,1,2,663378,,2
2019-01-02 09:34:19.020000,9.36,3000,2,2,663504,,2
2019-01-02 09:34:19.160000,9.35,1000,1,2,663736,,2
2019-01-02 09:34:19.170000,,7600,2,2,371456,,1
2019-01-02 09:34:19.480000,9.34,400,1,2,664199,,2
2019-01-02 09:34:19.500000,9.36,100,2,2,664222,,2
2019-01-02 09:34:19.540000,9.36,2000,2,2,664280,,2
2019-01-02 09:34:19.610000,9.33,300,1,2,664430,,2
2019-01-02 09:34:19.630000,9.3,300,1,2,664449,,2
2019-01-02 09:34:19.890000,9.3,500,1,2,664796,,2
2019-01-02 09:34:19.960000,9.36,2000,1,2,664864,,2
2019-01-02 09:34:20.380000,9.35,200,2,2,665322,,2
2019-01-02 09:34:20.970000,9.35,200,2,2,666124,,2
2019-01-02 09:34:21.050000,9.21,900,1,2,666242,,2
2019-01-02 09:34:21.160000,9.35,1000,2,2,666438,,2
2019-01-02 09:34:21.170000,8.44,3000,2,2,666457,,2
2019-01-02 09:34:21.180000,9.32,2000,1,2,666481,,2
2019-01-02 09:34:21.180000,9.29,200,1,2,666482,,2
2019-01-02 09:34:21.250000,9.35,1000,2,2,666618,,2
2019-01-02 09:34:21.250000,9.38,5600,2,2,666624,,2
2019-01-02 09:34:21.250000,9.35,4300,2,2,666635,,2
2019-01-02 09:34:21.360000,9.35,4200,2,2,666862,,2
2019-01-02 09:34:21.440000,9.75,400,2,2,667066,,2
2019-01-02 09:34:21.670000,9.9,500,2,2,667488,,2
2019-01-02 09:34:21.940000,9.34,1000,1,2,667997,,2
2019-01-02 09:34:22.780000,9.36,20100,2,2,669106,,2
2019-01-02 09:34:23.130000,9.0,1000,1,2,669488,,2
2019-01-02 09:34:23.170000,9.34,3000,1,2,669527,,2
2019-01-02 09:34:23.550000,9.38,3000,1,2,669959,,2
2019-01-02 09:34:23.660000,9.3,300,1,2,670075,,2
2019-01-02 09:34:23.890000,,200,1,2,651999,,1
2019-01-02 09:34:23.910000,9.35,4600,1,2,670322,,2
2019-01-02 09:34:23.990000,9.33,1000,2,2,670468,,2
2019-01-02 09:34:24.330000,9.34,700,2,2,670999,,2
2019-01-02 09:34:24.450000,9.33,1000,1,2,671206,,2
2019-01-02 09:34:24.510000,9.34,300,2,2,671294,,2
2019-01-02 09:34:24.550000,9.37,2500,2,2,671357,,2
2019-01-02 09:34:24.660000,9.34,10000,1,2,671543,,2
2019-01-02 09:34:24.670000,9.34,10000,1,2,671545,,2
2019-01-02 09:34:24.690000,9.37,100,2,2,671584,,2
2019-01-02 09:34:24.780000,9.34,800,1,2,671803,,2
2019-01-02 09:34:24.870000,9.2,200,1,2,671972,,2
2019-01-02 09:34:25.120000,9.36,500,2,2,672395,,2
2019-01-02 09:34:25.270000,10.3,1000,2,2,672600,,2
2019-01-02 09:34:25.480000,9.41,2900,2,2,672884,,2
2019-01-02 09:34:25.490000,9.35,400,2,2,672900,,2
2019-01-02 09:34:25.530000,9.38,4800,2,2,672948,,2
2019-01-02 09:34:25.740000,9.34,800,2,2,673234,,2
2019-01-02 09:34:26.160000,9.37,1000,1,2,673751,,2
2019-01-02 09:34:26.280000,9.37,3000,1,2,673948,,2
2019-01-02 09:34:26.470000,9.34,200,2,2,674223,,2
2019-01-02 09:34:26.480000,9.35,2000,1,2,674233,,2
2019-01-02 09:34:26.580000,9.37,300,1,2,674343,,2
2019-01-02 09:34:27.430000,9.35,9800,2,2,675528,,2
2019-01-02 09:34:27.500000,,4000,1,2,194396,,1
2019-01-02 09:34:27.500000,9.35,500,2,2,675634,,2
2019-01-02 09:34:27.680000,9.35,600,1,2,675929,,2
2019-01-02 09:34:27.710000,9.28,5000,1,2,675981,,2
2019-01-02 09:34:27.860000,9.26,400,1,2,676196,,2
2019-01-02 09:34:27.980000,9.69,500,2,2,676453,,2
2019-01-02 09:34:28.450000,9.35,300,2,2,677104,,2
2019-01-02 09:34:29.100000,9.35,400,2,2,677870,,2
2019-01-02 09:34:29.120000,9.25,1000,1,2,677899,,2
2019-01-02 09:34:29.370000,9.36,200,2,2,678195,,2
2019-01-02 09:34:29.400000,9.36,3000,1,2,678230,,2
2019-01-02 09:34:29.580000,9.37,2000,2,2,678394,,2
2019-01-02 09:34:29.660000,9.37,16700,2,2,678460,,2
2019-01-02 09:34:29.730000,9.37,47600,1,2,678516,,2
2019-01-02 09:34:29.730000,9.37,7400,2,2,678531,,2
2019-01-02 09:34:29.760000,9.33,2000,1,2,678583,,2
2019-01-02 09:34:29.770000,9.34,1800,1,2,678590,,2
2019-01-02 09:34:29.870000,8.55,1000,1,2,678687,,2
2019-01-02 09:34:30.110000,9.34,24100,1,2,678906,,2
2019-01-02 09:34:30.270000,9.34,100,1,2,679177,,2
2019-01-02 09:34:30.450000,9.36,500,2,2,679436,,2
2019-01-02 09:34:30.490000,9.36,500,1,2,679501,,2
2019-01-02 09:34:30.630000,9.36,500,1,2,679753,,2
2019-01-02 09:34:31.030000,9.32,500,1,2,680452,,2
2019-01-02 09:34:31.560000,9.33,300,1,2,681208,,2
2019-01-02 09:34:31.800000,9.33,1000,1,2,681485,,2
2019-01-02 09:34:31.980000,9.37,1000,2,2,681739,,2
2019-01-02 09:34:32.050000,9.3,300,1,2,681810,,2
2019-01-02 09:34:32.300000,9.35,3000,1,2,682200,,2
2019-01-02 09:34:33.190000,9.36,100,2,2,683230,,2
2019-01-02 09:34:33.240000,9.3,1300,1,2,683358,,2
2019-01-02 09:34:33.600000,9.31,2000,1,2,683934,,2
2019-01-02 09:34:35.530000,9.29,2200,1,2,686611,,2
2019-01-02 09:34:35.810000,9.34,3000,1,2,686947,,2
2019-01-02 09:34:36.030000,9.34,100,1,2,687202,,2
2019-01-02 09:34:36.180000,9.36,100,2,2,687392,,2
2019-01-02 09:34:36.220000,9.36,5000,2,2,687455,,2
2019-01-02 09:34:36.220000,9.45,1000,2,2,687469,,2
2019-01-02 09:34:36.240000,9.35,100,2,2,687516,,2
2019-01-02 09:34:36.420000,9.34,1800,1,2,687823,,2
2019-01-02 09:34:36.460000,9.35,2000,1,2,687907,,2
2019-01-02 09:34:36.650000,9.48,5000,2,2,688190,,2
2019-01-02 09:34:36.660000,9.29,2000,1,2,688211,,2
2019-01-02 09:34:36.790000,9.49,600,2,2,688440,,2
2019-01-02 09:34:36.830000,9.33,1000,1,2,688500,,2
2019-01-02 09:34:37.070000,9.33,500,1,2,688996,,2
2019-01-02 09:34:37.130000,,24100,1,2,678906,,1
2019-01-02 09:34:37.440000,9.35,100,1,2,689523,,2
2019-01-02 09:34:37.620000,9.35,200,2,2,689721,,2
2019-01-02 09:34:37.890000,9.33,200,1,2,690121,,2
2019-01-02 09:34:38.010000,9.35,25100,2,2,690249,,2
2019-01-02 09:34:38.230000,9.37,3700,2,2,690557,,2
2019-01-02 09:34:38.340000,9.36,1000,1,2,690819,,2
2019-01-02 09:34:38.380000,9.34,2000,1,2,690880,,2
2019-01-02 09:34:38.440000,9.35,12100,1,2,690936,,2
2019-01-02 09:34:38.440000,9.33,3000,1,2,690941,,2
2019-01-02 09:34:38.440000,9.35,7300,1,2,690942,,2
2019-01-02 09:34:38.690000,9.3,1000,1,2,691213,,2
2019-01-02 09:34:38.980000,9.35,10000,1,2,691534,,2
2019-01-02 09:34:39.000000,9.35,600,1,2,691550,,2
2019-01-02 09:34:39.160000,9.35,400,2,2,691727,,2
2019-01-02 09:34:39.300000,9.0,40000,1,2,692000,,2
2019-01-02 09:34:39.340000,9.34,2400,1,2,692088,,2
2019-01-02 09:34:39.520000,9.35,300,2,2,692374,,2
2019-01-02 09:34:39.600000,9.34,300,1,2,692521,,2
2019-01-02 09:34:39.620000,9.34,500,1,2,692573,,2
2019-01-02 09:34:39.680000,9.36,200,2,2,692677,,2
2019-01-02 09:34:39.710000,9.35,200,2,2,692724,,2
2019-01-02 09:34:39.910000,9.28,100,1,2,693060,,2
2019-01-02 09:34:40.280000,,5500,2,2,398102,,1
2019-01-02 09:34:40.560000,,10000,2,0,18077,,1
2019-01-02 09:34:40.730000,9.36,400,1,2,694194,,2
2019-01-02 09:34:40.780000,9.32,3000,1,2,694250,,2
2019-01-02 09:34:41.000000,9.35,600,2,2,694469,,2
2019-01-02 09:34:41.040000,,400,1,2,664199,,1
2019-01-02 09:34:41.290000,9.35,300,2,2,694952,,2
2019-01-02 09:34:41.370000,9.35,800,1,2,695165,,2
2019-01-02 09:34:41.490000,9.34,300,2,2,695295,,2
2019-01-02 09:34:41.740000,9.33,100,1,2,695642,,2
2019-01-02 09:34:41.780000,9.36,400,1,2,695682,,2
2019-01-02 09:34:42.300000,9.35,1200,2,2,696315,,2
2019-01-02 09:34:42.380000,9.37,20000,2,2,696492,,2
2019-01-02 09:34:42.430000,9.36,500,2,2,696562,,2
2019-01-02 09:34:42.740000,9.35,500,2,2,697242,,2
2019-01-02 09:34:42.850000,9.31,1000,1,2,697475,,2
2019-01-02 09:34:42.910000,9.34,1000,2,2,697609,,2
2019-01-02 09:34:43.070000,9.47,3000,2,2,697893,,2
2019-01-02 09:34:43.240000,9.32,200,1,2,698196,,2
2019-01-02 09:34:43.440000,9.32,1000,1,2,698513,,2
2019-01-02 09:34:43.470000,,17500,1,2,647233,,1
